;; -*- mode: org; mode: beancount; -*-
;; Birth: 1980-05-12
;; Dates: 2015-01-01 - 2017-11-12
;; THIS FILE HAS BEEN AUTO-GENERATED.
* Options

option "title" "Example Beancount file"
option "operating_currency" "USD"




* Commodities


1792-01-01 commodity USD
  export: "CASH"
  name: "US Dollar"

1900-01-01 commodity VMMXX
  export: "MUTF:VMMXX (MONEY:USD)"

1980-05-12 commodity VACHR
  export: "IGNORE"
  name: "Employer Vacation Hours"

1980-05-12 commodity IRAUSD
  export: "IGNORE"
  name: "US 401k and IRA Contributions"

1995-09-18 commodity VBMPX
  export: "MUTF:VBMPX"
  name: "Vanguard Total Bond Market Index Fund Institutional Plus Shares"
  price: "USD:google/MUTF:VBMPX"

2004-01-20 commodity ITOT
  export: "NYSEARCA:ITOT"
  name: "iShares Core S&P Total U.S. Stock Market ETF"
  price: "USD:google/NYSEARCA:ITOT"

2004-01-26 commodity VHT
  export: "NYSEARCA:VHT"
  name: "Vanguard Health Care ETF"
  price: "USD:google/NYSEARCA:VHT"

2004-11-01 commodity GLD
  export: "NYSEARCA:GLD"
  name: "SPDR Gold Trust (ETF)"
  price: "USD:google/NYSEARCA:GLD"

2007-07-20 commodity VEA
  export: "NYSEARCA:VEA"
  name: "Vanguard FTSE Developed Markets ETF"
  price: "USD:google/NYSEARCA:VEA"

2009-05-01 commodity RGAGX
  export: "MUTF:RGAGX"
  name: "American Funds The Growth Fund of America Class R-6"
  price: "USD:google/MUTF:RGAGX"



* Equity Accounts

1980-05-12 open Equity:Opening-Balances
1980-05-12 open Liabilities:AccountsPayable



* Banking

2015-01-01 open Assets:US:BofA
  address: "123 America Street, LargeTown, USA"
  institution: "Bank of America"
  phone: "+1.012.345.6789"
2015-01-01 open Assets:US:BofA:Checking                        USD
  account: "00234-48574897"

2015-01-01 * "Opening Balance for checking account"
  Assets:US:BofA:Checking                         2671.62 USD
  Equity:Opening-Balances                        -2671.62 USD

2015-01-02 balance Assets:US:BofA:Checking        4022.22 USD

2015-01-04 * "BANK FEES" "Monthly bank fee"
  Assets:US:BofA:Checking                           -4.00 USD
  Expenses:Financial:Fees                            4.00 USD

2015-01-05 * "RiverBank Properties" "Paying the rent"
  Assets:US:BofA:Checking                        -2400.00 USD
  Expenses:Home:Rent                              2400.00 USD

2015-01-09 * "EDISON POWER" ""
  Assets:US:BofA:Checking                          -65.00 USD
  Expenses:Home:Electricity                         65.00 USD

2015-01-18 * "Verizon Wireless" ""
  Assets:US:BofA:Checking                          -54.87 USD
  Expenses:Home:Phone                               54.87 USD

2015-01-21 balance Assets:US:BofA:Checking        2696.07 USD

2015-01-23 * "Wine-Tarner Cable" ""
  Assets:US:BofA:Checking                          -80.14 USD
  Expenses:Home:Internet                            80.14 USD

2015-02-04 * "BANK FEES" "Monthly bank fee"
  Assets:US:BofA:Checking                           -4.00 USD
  Expenses:Financial:Fees                            4.00 USD

2015-02-06 * "RiverBank Properties" "Paying the rent"
  Assets:US:BofA:Checking                        -2400.00 USD
  Expenses:Home:Rent                              2400.00 USD

2015-02-08 * "EDISON POWER" ""
  Assets:US:BofA:Checking                          -65.00 USD
  Expenses:Home:Electricity                         65.00 USD

2015-02-18 balance Assets:US:BofA:Checking        2375.29 USD

2015-02-18 * "Verizon Wireless" ""
  Assets:US:BofA:Checking                          -48.21 USD
  Expenses:Home:Phone                               48.21 USD

2015-02-22 * "Wine-Tarner Cable" ""
  Assets:US:BofA:Checking                          -80.06 USD
  Expenses:Home:Internet                            80.06 USD

2015-03-04 * "BANK FEES" "Monthly bank fee"
  Assets:US:BofA:Checking                           -4.00 USD
  Expenses:Financial:Fees                            4.00 USD

2015-03-05 * "RiverBank Properties" "Paying the rent"
  Assets:US:BofA:Checking                        -2400.00 USD
  Expenses:Home:Rent                              2400.00 USD

2015-03-08 * "EDISON POWER" ""
  Assets:US:BofA:Checking                          -65.00 USD
  Expenses:Home:Electricity                         65.00 USD

2015-03-18 * "Verizon Wireless" ""
  Assets:US:BofA:Checking                          -44.06 USD
  Expenses:Home:Phone                               44.06 USD

2015-03-20 balance Assets:US:BofA:Checking        1899.85 USD

2015-03-23 * "Wine-Tarner Cable" ""
  Assets:US:BofA:Checking                          -80.04 USD
  Expenses:Home:Internet                            80.04 USD

2015-04-04 * "BANK FEES" "Monthly bank fee"
  Assets:US:BofA:Checking                           -4.00 USD
  Expenses:Financial:Fees                            4.00 USD

2015-04-04 * "RiverBank Properties" "Paying the rent"
  Assets:US:BofA:Checking                        -2400.00 USD
  Expenses:Home:Rent                              2400.00 USD

2015-04-09 * "EDISON POWER" ""
  Assets:US:BofA:Checking                          -65.00 USD
  Expenses:Home:Electricity                         65.00 USD

2015-04-17 balance Assets:US:BofA:Checking        1381.35 USD

2015-04-18 * "Verizon Wireless" ""
  Assets:US:BofA:Checking                          -67.16 USD
  Expenses:Home:Phone                               67.16 USD

2015-04-21 * "Wine-Tarner Cable" ""
  Assets:US:BofA:Checking                          -80.09 USD
  Expenses:Home:Internet                            80.09 USD

2015-05-04 * "BANK FEES" "Monthly bank fee"
  Assets:US:BofA:Checking                           -4.00 USD
  Expenses:Financial:Fees                            4.00 USD

2015-05-04 * "RiverBank Properties" "Paying the rent"
  Assets:US:BofA:Checking                        -2400.00 USD
  Expenses:Home:Rent                              2400.00 USD

2015-05-09 * "EDISON POWER" ""
  Assets:US:BofA:Checking                          -65.00 USD
  Expenses:Home:Electricity                         65.00 USD

2015-05-17 balance Assets:US:BofA:Checking         837.89 USD

2015-05-19 * "Verizon Wireless" ""
  Assets:US:BofA:Checking                          -68.42 USD
  Expenses:Home:Phone                               68.42 USD

2015-05-23 * "Wine-Tarner Cable" ""
  Assets:US:BofA:Checking                          -80.08 USD
  Expenses:Home:Internet                            80.08 USD

2015-06-04 * "BANK FEES" "Monthly bank fee"
  Assets:US:BofA:Checking                           -4.00 USD
  Expenses:Financial:Fees                            4.00 USD

2015-06-05 * "RiverBank Properties" "Paying the rent"
  Assets:US:BofA:Checking                        -2400.00 USD
  Expenses:Home:Rent                              2400.00 USD

2015-06-09 * "EDISON POWER" ""
  Assets:US:BofA:Checking                          -65.00 USD
  Expenses:Home:Electricity                         65.00 USD

2015-06-11 balance Assets:US:BofA:Checking         921.59 USD

2015-06-18 * "Verizon Wireless" ""
  Assets:US:BofA:Checking                          -63.25 USD
  Expenses:Home:Phone                               63.25 USD

2015-06-23 * "Wine-Tarner Cable" ""
  Assets:US:BofA:Checking                          -79.91 USD
  Expenses:Home:Internet                            79.91 USD

2015-07-02 balance Assets:US:BofA:Checking        1529.88 USD

2015-07-04 * "BANK FEES" "Monthly bank fee"
  Assets:US:BofA:Checking                           -4.00 USD
  Expenses:Financial:Fees                            4.00 USD

2015-07-06 * "RiverBank Properties" "Paying the rent"
  Assets:US:BofA:Checking                        -2400.00 USD
  Expenses:Home:Rent                              2400.00 USD

2015-07-08 * "EDISON POWER" ""
  Assets:US:BofA:Checking                          -65.00 USD
  Expenses:Home:Electricity                         65.00 USD

2015-07-18 * "Verizon Wireless" ""
  Assets:US:BofA:Checking                          -52.59 USD
  Expenses:Home:Phone                               52.59 USD

2015-07-21 * "Wine-Tarner Cable" ""
  Assets:US:BofA:Checking                          -80.04 USD
  Expenses:Home:Internet                            80.04 USD

2015-07-24 balance Assets:US:BofA:Checking        1217.97 USD

2015-08-04 * "BANK FEES" "Monthly bank fee"
  Assets:US:BofA:Checking                           -4.00 USD
  Expenses:Financial:Fees                            4.00 USD

2015-08-04 * "RiverBank Properties" "Paying the rent"
  Assets:US:BofA:Checking                        -2400.00 USD
  Expenses:Home:Rent                              2400.00 USD

2015-08-09 * "EDISON POWER" ""
  Assets:US:BofA:Checking                          -65.00 USD
  Expenses:Home:Electricity                         65.00 USD

2015-08-14 balance Assets:US:BofA:Checking        3367.83 USD

2015-08-18 * "Verizon Wireless" ""
  Assets:US:BofA:Checking                          -81.10 USD
  Expenses:Home:Phone                               81.10 USD

2015-08-23 * "Wine-Tarner Cable" ""
  Assets:US:BofA:Checking                          -80.02 USD
  Expenses:Home:Internet                            80.02 USD

2015-09-04 * "BANK FEES" "Monthly bank fee"
  Assets:US:BofA:Checking                           -4.00 USD
  Expenses:Financial:Fees                            4.00 USD

2015-09-05 balance Assets:US:BofA:Checking        5753.31 USD

2015-09-06 * "RiverBank Properties" "Paying the rent"
  Assets:US:BofA:Checking                        -2400.00 USD
  Expenses:Home:Rent                              2400.00 USD

2015-09-09 * "EDISON POWER" ""
  Assets:US:BofA:Checking                          -65.00 USD
  Expenses:Home:Electricity                         65.00 USD

2015-09-11 * "Transfering accumulated savings to other account"
  Assets:US:BofA:Checking                           -4500 USD
  Assets:US:ETrade:Cash                              4500 USD

2015-09-20 * "Verizon Wireless" ""
  Assets:US:BofA:Checking                          -68.99 USD
  Expenses:Home:Phone                               68.99 USD

2015-09-21 * "Wine-Tarner Cable" ""
  Assets:US:BofA:Checking                          -79.97 USD
  Expenses:Home:Internet                            79.97 USD

2015-10-04 balance Assets:US:BofA:Checking        3060.15 USD

2015-10-04 * "BANK FEES" "Monthly bank fee"
  Assets:US:BofA:Checking                           -4.00 USD
  Expenses:Financial:Fees                            4.00 USD

2015-10-04 * "RiverBank Properties" "Paying the rent"
  Assets:US:BofA:Checking                        -2400.00 USD
  Expenses:Home:Rent                              2400.00 USD

2015-10-09 * "EDISON POWER" ""
  Assets:US:BofA:Checking                          -65.00 USD
  Expenses:Home:Electricity                         65.00 USD

2015-10-20 * "Verizon Wireless" ""
  Assets:US:BofA:Checking                          -61.23 USD
  Expenses:Home:Phone                               61.23 USD

2015-10-23 * "Wine-Tarner Cable" ""
  Assets:US:BofA:Checking                          -79.92 USD
  Expenses:Home:Internet                            79.92 USD

2015-10-31 balance Assets:US:BofA:Checking        4908.13 USD

2015-11-03 * "RiverBank Properties" "Paying the rent"
  Assets:US:BofA:Checking                        -2400.00 USD
  Expenses:Home:Rent                              2400.00 USD

2015-11-04 * "BANK FEES" "Monthly bank fee"
  Assets:US:BofA:Checking                           -4.00 USD
  Expenses:Financial:Fees                            4.00 USD

2015-11-06 * "Transfering accumulated savings to other account"
  Assets:US:BofA:Checking                           -3500 USD
  Assets:US:ETrade:Cash                              3500 USD

2015-11-09 * "EDISON POWER" ""
  Assets:US:BofA:Checking                          -65.00 USD
  Expenses:Home:Electricity                         65.00 USD

2015-11-18 * "Verizon Wireless" ""
  Assets:US:BofA:Checking                          -55.16 USD
  Expenses:Home:Phone                               55.16 USD

2015-11-23 * "Wine-Tarner Cable" ""
  Assets:US:BofA:Checking                          -80.02 USD
  Expenses:Home:Internet                            80.02 USD

2015-11-28 balance Assets:US:BofA:Checking        3147.13 USD

2015-12-04 * "BANK FEES" "Monthly bank fee"
  Assets:US:BofA:Checking                           -4.00 USD
  Expenses:Financial:Fees                            4.00 USD

2015-12-04 * "RiverBank Properties" "Paying the rent"
  Assets:US:BofA:Checking                        -2400.00 USD
  Expenses:Home:Rent                              2400.00 USD

2015-12-08 * "EDISON POWER" ""
  Assets:US:BofA:Checking                          -65.00 USD
  Expenses:Home:Electricity                         65.00 USD

2015-12-20 * "Verizon Wireless" ""
  Assets:US:BofA:Checking                          -60.75 USD
  Expenses:Home:Phone                               60.75 USD

2015-12-22 * "Wine-Tarner Cable" ""
  Assets:US:BofA:Checking                          -79.86 USD
  Expenses:Home:Internet                            79.86 USD

2015-12-27 balance Assets:US:BofA:Checking        5319.89 USD

2016-01-04 * "BANK FEES" "Monthly bank fee"
  Assets:US:BofA:Checking                           -4.00 USD
  Expenses:Financial:Fees                            4.00 USD

2016-01-06 * "RiverBank Properties" "Paying the rent"
  Assets:US:BofA:Checking                        -2400.00 USD
  Expenses:Home:Rent                              2400.00 USD

2016-01-08 * "EDISON POWER" ""
  Assets:US:BofA:Checking                          -65.00 USD
  Expenses:Home:Electricity                         65.00 USD

2016-01-18 * "Verizon Wireless" ""
  Assets:US:BofA:Checking                          -70.67 USD
  Expenses:Home:Phone                               70.67 USD

2016-01-23 balance Assets:US:BofA:Checking        6315.48 USD

2016-01-23 * "Wine-Tarner Cable" ""
  Assets:US:BofA:Checking                          -80.15 USD
  Expenses:Home:Internet                            80.15 USD

2016-02-04 * "BANK FEES" "Monthly bank fee"
  Assets:US:BofA:Checking                           -4.00 USD
  Expenses:Financial:Fees                            4.00 USD

2016-02-06 * "RiverBank Properties" "Paying the rent"
  Assets:US:BofA:Checking                        -2400.00 USD
  Expenses:Home:Rent                              2400.00 USD

2016-02-09 * "EDISON POWER" ""
  Assets:US:BofA:Checking                          -65.00 USD
  Expenses:Home:Electricity                         65.00 USD

2016-02-19 * "Verizon Wireless" ""
  Assets:US:BofA:Checking                          -69.89 USD
  Expenses:Home:Phone                               69.89 USD

2016-02-21 * "Wine-Tarner Cable" ""
  Assets:US:BofA:Checking                          -79.92 USD
  Expenses:Home:Internet                            79.92 USD

2016-02-22 balance Assets:US:BofA:Checking        5616.51 USD

2016-03-04 * "BANK FEES" "Monthly bank fee"
  Assets:US:BofA:Checking                           -4.00 USD
  Expenses:Financial:Fees                            4.00 USD

2016-03-04 * "RiverBank Properties" "Paying the rent"
  Assets:US:BofA:Checking                        -2400.00 USD
  Expenses:Home:Rent                              2400.00 USD

2016-03-09 * "EDISON POWER" ""
  Assets:US:BofA:Checking                          -65.00 USD
  Expenses:Home:Electricity                         65.00 USD

2016-03-18 * "Verizon Wireless" ""
  Assets:US:BofA:Checking                          -49.37 USD
  Expenses:Home:Phone                               49.37 USD

2016-03-23 balance Assets:US:BofA:Checking        5467.76 USD

2016-03-23 * "Wine-Tarner Cable" ""
  Assets:US:BofA:Checking                          -80.04 USD
  Expenses:Home:Internet                            80.04 USD

2016-04-04 * "BANK FEES" "Monthly bank fee"
  Assets:US:BofA:Checking                           -4.00 USD
  Expenses:Financial:Fees                            4.00 USD

2016-04-06 * "RiverBank Properties" "Paying the rent"
  Assets:US:BofA:Checking                        -2400.00 USD
  Expenses:Home:Rent                              2400.00 USD

2016-04-09 * "EDISON POWER" ""
  Assets:US:BofA:Checking                          -65.00 USD
  Expenses:Home:Electricity                         65.00 USD

2016-04-19 * "Verizon Wireless" ""
  Assets:US:BofA:Checking                          -61.97 USD
  Expenses:Home:Phone                               61.97 USD

2016-04-21 balance Assets:US:BofA:Checking        3994.74 USD

2016-04-22 * "Wine-Tarner Cable" ""
  Assets:US:BofA:Checking                          -80.09 USD
  Expenses:Home:Internet                            80.09 USD

2016-05-03 * "RiverBank Properties" "Paying the rent"
  Assets:US:BofA:Checking                        -2400.00 USD
  Expenses:Home:Rent                              2400.00 USD

2016-05-04 * "BANK FEES" "Monthly bank fee"
  Assets:US:BofA:Checking                           -4.00 USD
  Expenses:Financial:Fees                            4.00 USD

2016-05-08 * "EDISON POWER" ""
  Assets:US:BofA:Checking                          -65.00 USD
  Expenses:Home:Electricity                         65.00 USD

2016-05-11 balance Assets:US:BofA:Checking        3403.11 USD

2016-05-18 * "Verizon Wireless" ""
  Assets:US:BofA:Checking                          -61.52 USD
  Expenses:Home:Phone                               61.52 USD

2016-05-23 * "Wine-Tarner Cable" ""
  Assets:US:BofA:Checking                          -79.96 USD
  Expenses:Home:Internet                            79.96 USD

2016-06-02 balance Assets:US:BofA:Checking        4612.23 USD

2016-06-03 * "RiverBank Properties" "Paying the rent"
  Assets:US:BofA:Checking                        -2400.00 USD
  Expenses:Home:Rent                              2400.00 USD

2016-06-04 * "BANK FEES" "Monthly bank fee"
  Assets:US:BofA:Checking                           -4.00 USD
  Expenses:Financial:Fees                            4.00 USD

2016-06-09 * "EDISON POWER" ""
  Assets:US:BofA:Checking                          -65.00 USD
  Expenses:Home:Electricity                         65.00 USD

2016-06-20 * "Verizon Wireless" ""
  Assets:US:BofA:Checking                          -69.87 USD
  Expenses:Home:Phone                               69.87 USD

2016-06-22 * "Wine-Tarner Cable" ""
  Assets:US:BofA:Checking                          -80.01 USD
  Expenses:Home:Internet                            80.01 USD

2016-07-02 balance Assets:US:BofA:Checking        5334.81 USD

2016-07-03 * "RiverBank Properties" "Paying the rent"
  Assets:US:BofA:Checking                        -2400.00 USD
  Expenses:Home:Rent                              2400.00 USD

2016-07-04 * "BANK FEES" "Monthly bank fee"
  Assets:US:BofA:Checking                           -4.00 USD
  Expenses:Financial:Fees                            4.00 USD

2016-07-08 * "EDISON POWER" ""
  Assets:US:BofA:Checking                          -65.00 USD
  Expenses:Home:Electricity                         65.00 USD

2016-07-20 * "Verizon Wireless" ""
  Assets:US:BofA:Checking                          -47.14 USD
  Expenses:Home:Phone                               47.14 USD

2016-07-21 * "Wine-Tarner Cable" ""
  Assets:US:BofA:Checking                          -79.95 USD
  Expenses:Home:Internet                            79.95 USD

2016-07-24 balance Assets:US:BofA:Checking        3630.77 USD

2016-08-04 * "BANK FEES" "Monthly bank fee"
  Assets:US:BofA:Checking                           -4.00 USD
  Expenses:Financial:Fees                            4.00 USD

2016-08-05 * "RiverBank Properties" "Paying the rent"
  Assets:US:BofA:Checking                        -2400.00 USD
  Expenses:Home:Rent                              2400.00 USD

2016-08-09 * "EDISON POWER" ""
  Assets:US:BofA:Checking                          -65.00 USD
  Expenses:Home:Electricity                         65.00 USD

2016-08-12 * "Transfering accumulated savings to other account"
  Assets:US:BofA:Checking                           -4000 USD
  Assets:US:ETrade:Cash                              4000 USD

2016-08-16 balance Assets:US:BofA:Checking         573.46 USD

2016-08-18 * "Verizon Wireless" ""
  Assets:US:BofA:Checking                          -66.01 USD
  Expenses:Home:Phone                               66.01 USD

2016-08-22 * "Wine-Tarner Cable" ""
  Assets:US:BofA:Checking                          -79.87 USD
  Expenses:Home:Internet                            79.87 USD

2016-09-04 * "BANK FEES" "Monthly bank fee"
  Assets:US:BofA:Checking                           -4.00 USD
  Expenses:Financial:Fees                            4.00 USD

2016-09-06 * "RiverBank Properties" "Paying the rent"
  Assets:US:BofA:Checking                        -2400.00 USD
  Expenses:Home:Rent                              2400.00 USD

2016-09-09 * "EDISON POWER" ""
  Assets:US:BofA:Checking                          -65.00 USD
  Expenses:Home:Electricity                         65.00 USD

2016-09-13 balance Assets:US:BofA:Checking        2796.91 USD

2016-09-18 * "Verizon Wireless" ""
  Assets:US:BofA:Checking                          -74.46 USD
  Expenses:Home:Phone                               74.46 USD

2016-09-23 * "Wine-Tarner Cable" ""
  Assets:US:BofA:Checking                          -79.92 USD
  Expenses:Home:Internet                            79.92 USD

2016-10-04 * "BANK FEES" "Monthly bank fee"
  Assets:US:BofA:Checking                           -4.00 USD
  Expenses:Financial:Fees                            4.00 USD

2016-10-05 * "RiverBank Properties" "Paying the rent"
  Assets:US:BofA:Checking                        -2400.00 USD
  Expenses:Home:Rent                              2400.00 USD

2016-10-07 * "Transfering accumulated savings to other account"
  Assets:US:BofA:Checking                           -4000 USD
  Assets:US:ETrade:Cash                              4000 USD

2016-10-08 balance Assets:US:BofA:Checking         563.40 USD

2016-10-09 * "EDISON POWER" ""
  Assets:US:BofA:Checking                          -65.00 USD
  Expenses:Home:Electricity                         65.00 USD

2016-10-18 * "Verizon Wireless" ""
  Assets:US:BofA:Checking                          -62.71 USD
  Expenses:Home:Phone                               62.71 USD

2016-10-21 * "Wine-Tarner Cable" ""
  Assets:US:BofA:Checking                          -80.05 USD
  Expenses:Home:Internet                            80.05 USD

2016-10-31 balance Assets:US:BofA:Checking        2906.24 USD

2016-11-04 * "BANK FEES" "Monthly bank fee"
  Assets:US:BofA:Checking                           -4.00 USD
  Expenses:Financial:Fees                            4.00 USD

2016-11-06 * "RiverBank Properties" "Paying the rent"
  Assets:US:BofA:Checking                        -2400.00 USD
  Expenses:Home:Rent                              2400.00 USD

2016-11-09 * "EDISON POWER" ""
  Assets:US:BofA:Checking                          -65.00 USD
  Expenses:Home:Electricity                         65.00 USD

2016-11-18 * "Transfering accumulated savings to other account"
  Assets:US:BofA:Checking                           -3500 USD
  Assets:US:ETrade:Cash                              3500 USD

2016-11-19 * "Verizon Wireless" ""
  Assets:US:BofA:Checking                          -59.72 USD
  Expenses:Home:Phone                               59.72 USD

2016-11-23 * "Wine-Tarner Cable" ""
  Assets:US:BofA:Checking                          -79.79 USD
  Expenses:Home:Internet                            79.79 USD

2016-11-25 balance Assets:US:BofA:Checking        1096.19 USD

2016-12-04 * "BANK FEES" "Monthly bank fee"
  Assets:US:BofA:Checking                           -4.00 USD
  Expenses:Financial:Fees                            4.00 USD

2016-12-04 * "RiverBank Properties" "Paying the rent"
  Assets:US:BofA:Checking                        -2400.00 USD
  Expenses:Home:Rent                              2400.00 USD

2016-12-09 * "EDISON POWER" ""
  Assets:US:BofA:Checking                          -65.00 USD
  Expenses:Home:Electricity                         65.00 USD

2016-12-17 balance Assets:US:BofA:Checking        3349.45 USD

2016-12-20 * "Verizon Wireless" ""
  Assets:US:BofA:Checking                          -65.77 USD
  Expenses:Home:Phone                               65.77 USD

2016-12-23 * "Wine-Tarner Cable" ""
  Assets:US:BofA:Checking                          -80.08 USD
  Expenses:Home:Internet                            80.08 USD

2017-01-03 * "RiverBank Properties" "Paying the rent"
  Assets:US:BofA:Checking                        -2400.00 USD
  Expenses:Home:Rent                              2400.00 USD

2017-01-04 * "BANK FEES" "Monthly bank fee"
  Assets:US:BofA:Checking                           -4.00 USD
  Expenses:Financial:Fees                            4.00 USD

2017-01-09 balance Assets:US:BofA:Checking        3631.74 USD

2017-01-09 * "EDISON POWER" ""
  Assets:US:BofA:Checking                          -65.00 USD
  Expenses:Home:Electricity                         65.00 USD

2017-01-18 * "Verizon Wireless" ""
  Assets:US:BofA:Checking                          -69.10 USD
  Expenses:Home:Phone                               69.10 USD

2017-01-22 * "Wine-Tarner Cable" ""
  Assets:US:BofA:Checking                          -80.12 USD
  Expenses:Home:Internet                            80.12 USD

2017-02-04 * "BANK FEES" "Monthly bank fee"
  Assets:US:BofA:Checking                           -4.00 USD
  Expenses:Financial:Fees                            4.00 USD

2017-02-05 balance Assets:US:BofA:Checking        5439.96 USD

2017-02-06 * "RiverBank Properties" "Paying the rent"
  Assets:US:BofA:Checking                        -2400.00 USD
  Expenses:Home:Rent                              2400.00 USD

2017-02-09 * "EDISON POWER" ""
  Assets:US:BofA:Checking                          -65.00 USD
  Expenses:Home:Electricity                         65.00 USD

2017-02-20 * "Verizon Wireless" ""
  Assets:US:BofA:Checking                          -56.02 USD
  Expenses:Home:Phone                               56.02 USD

2017-02-21 * "Wine-Tarner Cable" ""
  Assets:US:BofA:Checking                          -79.95 USD
  Expenses:Home:Internet                            79.95 USD

2017-03-04 * "BANK FEES" "Monthly bank fee"
  Assets:US:BofA:Checking                           -4.00 USD
  Expenses:Financial:Fees                            4.00 USD

2017-03-06 balance Assets:US:BofA:Checking        4918.76 USD

2017-03-06 * "RiverBank Properties" "Paying the rent"
  Assets:US:BofA:Checking                        -2400.00 USD
  Expenses:Home:Rent                              2400.00 USD

2017-03-08 * "EDISON POWER" ""
  Assets:US:BofA:Checking                          -65.00 USD
  Expenses:Home:Electricity                         65.00 USD

2017-03-18 * "Verizon Wireless" ""
  Assets:US:BofA:Checking                          -55.34 USD
  Expenses:Home:Phone                               55.34 USD

2017-03-21 * "Wine-Tarner Cable" ""
  Assets:US:BofA:Checking                          -80.09 USD
  Expenses:Home:Internet                            80.09 USD

2017-04-01 balance Assets:US:BofA:Checking        3693.99 USD

2017-04-04 * "BANK FEES" "Monthly bank fee"
  Assets:US:BofA:Checking                           -4.00 USD
  Expenses:Financial:Fees                            4.00 USD

2017-04-06 * "RiverBank Properties" "Paying the rent"
  Assets:US:BofA:Checking                        -2400.00 USD
  Expenses:Home:Rent                              2400.00 USD

2017-04-08 * "EDISON POWER" ""
  Assets:US:BofA:Checking                          -65.00 USD
  Expenses:Home:Electricity                         65.00 USD

2017-04-19 * "Verizon Wireless" ""
  Assets:US:BofA:Checking                          -62.41 USD
  Expenses:Home:Phone                               62.41 USD

2017-04-21 * "Wine-Tarner Cable" ""
  Assets:US:BofA:Checking                          -80.09 USD
  Expenses:Home:Internet                            80.09 USD

2017-04-29 balance Assets:US:BofA:Checking        3337.64 USD

2017-05-04 * "BANK FEES" "Monthly bank fee"
  Assets:US:BofA:Checking                           -4.00 USD
  Expenses:Financial:Fees                            4.00 USD

2017-05-06 * "RiverBank Properties" "Paying the rent"
  Assets:US:BofA:Checking                        -2400.00 USD
  Expenses:Home:Rent                              2400.00 USD

2017-05-09 * "EDISON POWER" ""
  Assets:US:BofA:Checking                          -65.00 USD
  Expenses:Home:Electricity                         65.00 USD

2017-05-18 * "Verizon Wireless" ""
  Assets:US:BofA:Checking                          -51.96 USD
  Expenses:Home:Phone                               51.96 USD

2017-05-20 balance Assets:US:BofA:Checking        2805.27 USD

2017-05-23 * "Wine-Tarner Cable" ""
  Assets:US:BofA:Checking                          -80.00 USD
  Expenses:Home:Internet                            80.00 USD

2017-06-04 * "BANK FEES" "Monthly bank fee"
  Assets:US:BofA:Checking                           -4.00 USD
  Expenses:Financial:Fees                            4.00 USD

2017-06-05 * "RiverBank Properties" "Paying the rent"
  Assets:US:BofA:Checking                        -2400.00 USD
  Expenses:Home:Rent                              2400.00 USD

2017-06-08 * "EDISON POWER" ""
  Assets:US:BofA:Checking                          -65.00 USD
  Expenses:Home:Electricity                         65.00 USD

2017-06-19 balance Assets:US:BofA:Checking        2355.59 USD

2017-06-20 * "Verizon Wireless" ""
  Assets:US:BofA:Checking                          -59.95 USD
  Expenses:Home:Phone                               59.95 USD

2017-06-21 * "Wine-Tarner Cable" ""
  Assets:US:BofA:Checking                          -79.93 USD
  Expenses:Home:Internet                            79.93 USD

2017-07-04 * "BANK FEES" "Monthly bank fee"
  Assets:US:BofA:Checking                           -4.00 USD
  Expenses:Financial:Fees                            4.00 USD

2017-07-06 * "RiverBank Properties" "Paying the rent"
  Assets:US:BofA:Checking                        -2400.00 USD
  Expenses:Home:Rent                              2400.00 USD

2017-07-08 * "EDISON POWER" ""
  Assets:US:BofA:Checking                          -65.00 USD
  Expenses:Home:Electricity                         65.00 USD

2017-07-14 balance Assets:US:BofA:Checking        1724.85 USD

2017-07-18 * "Verizon Wireless" ""
  Assets:US:BofA:Checking                          -56.18 USD
  Expenses:Home:Phone                               56.18 USD

2017-07-23 * "Wine-Tarner Cable" ""
  Assets:US:BofA:Checking                          -80.04 USD
  Expenses:Home:Internet                            80.04 USD

2017-08-03 balance Assets:US:BofA:Checking        2939.23 USD

2017-08-04 * "BANK FEES" "Monthly bank fee"
  Assets:US:BofA:Checking                           -4.00 USD
  Expenses:Financial:Fees                            4.00 USD

2017-08-06 * "RiverBank Properties" "Paying the rent"
  Assets:US:BofA:Checking                        -2400.00 USD
  Expenses:Home:Rent                              2400.00 USD

2017-08-09 * "EDISON POWER" ""
  Assets:US:BofA:Checking                          -65.00 USD
  Expenses:Home:Electricity                         65.00 USD

2017-08-20 * "Verizon Wireless" ""
  Assets:US:BofA:Checking                          -37.54 USD
  Expenses:Home:Phone                               37.54 USD

2017-08-23 * "Wine-Tarner Cable" ""
  Assets:US:BofA:Checking                          -79.95 USD
  Expenses:Home:Internet                            79.95 USD

2017-08-26 balance Assets:US:BofA:Checking        4234.39 USD

2017-09-04 * "BANK FEES" "Monthly bank fee"
  Assets:US:BofA:Checking                           -4.00 USD
  Expenses:Financial:Fees                            4.00 USD

2017-09-04 * "RiverBank Properties" "Paying the rent"
  Assets:US:BofA:Checking                        -2400.00 USD
  Expenses:Home:Rent                              2400.00 USD

2017-09-08 * "Transfering accumulated savings to other account"
  Assets:US:BofA:Checking                           -3500 USD
  Assets:US:ETrade:Cash                              3500 USD

2017-09-09 * "EDISON POWER" ""
  Assets:US:BofA:Checking                          -65.00 USD
  Expenses:Home:Electricity                         65.00 USD

2017-09-19 * "Verizon Wireless" ""
  Assets:US:BofA:Checking                          -44.65 USD
  Expenses:Home:Phone                               44.65 USD

2017-09-21 balance Assets:US:BofA:Checking         359.01 USD

2017-09-23 * "Wine-Tarner Cable" ""
  Assets:US:BofA:Checking                          -80.15 USD
  Expenses:Home:Internet                            80.15 USD

2017-10-04 * "BANK FEES" "Monthly bank fee"
  Assets:US:BofA:Checking                           -4.00 USD
  Expenses:Financial:Fees                            4.00 USD

2017-10-06 * "RiverBank Properties" "Paying the rent"
  Assets:US:BofA:Checking                        -2400.00 USD
  Expenses:Home:Rent                              2400.00 USD

2017-10-08 * "EDISON POWER" ""
  Assets:US:BofA:Checking                          -65.00 USD
  Expenses:Home:Electricity                         65.00 USD

2017-10-19 * "Verizon Wireless" ""
  Assets:US:BofA:Checking                          -43.57 USD
  Expenses:Home:Phone                               43.57 USD

2017-10-20 * "Transfering accumulated savings to other account"
  Assets:US:BofA:Checking                           -4500 USD
  Assets:US:ETrade:Cash                              4500 USD

2017-10-21 balance Assets:US:BofA:Checking         493.46 USD

2017-10-21 * "Wine-Tarner Cable" ""
  Assets:US:BofA:Checking                          -79.99 USD
  Expenses:Home:Internet                            79.99 USD

2017-11-04 * "BANK FEES" "Monthly bank fee"
  Assets:US:BofA:Checking                           -4.00 USD
  Expenses:Financial:Fees                            4.00 USD



* Credit-Cards

1980-05-12 open Liabilities:US:Chase:Slate                      USD

2015-01-04 * "Cafe Modagor" "Eating out with Joe"
  Liabilities:US:Chase:Slate                       -33.73 USD
  Expenses:Food:Restaurant                          33.73 USD

2015-01-07 * "Farmer Fresh" "Buying groceries"
  Liabilities:US:Chase:Slate                       -52.55 USD
  Expenses:Food:Groceries                           52.55 USD

2015-01-08 * "Uncle Boons" "Eating out with Joe"
  Liabilities:US:Chase:Slate                       -38.36 USD
  Expenses:Food:Restaurant                          38.36 USD

2015-01-09 * "Chase:Slate" "Paying off credit card"
  Liabilities:US:Chase:Slate                       152.88 USD
  Assets:US:BofA:Checking                         -152.88 USD

2015-01-13 * "Chichipotle" "Eating out "
  Liabilities:US:Chase:Slate                       -28.24 USD
  Expenses:Food:Restaurant                          28.24 USD

2015-01-18 * "China Garden" "Eating out with Joe"
  Liabilities:US:Chase:Slate                       -23.63 USD
  Expenses:Food:Restaurant                          23.63 USD

2015-01-21 balance Liabilities:US:Chase:Slate      -23.63 USD

2015-01-22 * "Uncle Boons" "Eating out after work"
  Liabilities:US:Chase:Slate                       -22.52 USD
  Expenses:Food:Restaurant                          22.52 USD

2015-01-24 * "Good Moods Market" "Buying groceries"
  Liabilities:US:Chase:Slate                       -59.80 USD
  Expenses:Food:Groceries                           59.80 USD

2015-01-27 * "China Garden" "Eating out with Julie"
  Liabilities:US:Chase:Slate                       -54.39 USD
  Expenses:Food:Restaurant                          54.39 USD

2015-01-28 * "Uncle Boons" "Eating out with work buddies"
  Liabilities:US:Chase:Slate                       -37.46 USD
  Expenses:Food:Restaurant                          37.46 USD

2015-01-31 * "Rose Flower" "Eating out with Joe"
  Liabilities:US:Chase:Slate                       -22.07 USD
  Expenses:Food:Restaurant                          22.07 USD

2015-02-01 * "Chichipotle" "Eating out "
  Liabilities:US:Chase:Slate                       -47.50 USD
  Expenses:Food:Restaurant                          47.50 USD

2015-02-01 * "Metro Transport Authority" "Tram tickets"
  Liabilities:US:Chase:Slate                      -120.00 USD
  Expenses:Transport:Tram                          120.00 USD

2015-02-04 * "Goba Goba" "Eating out with Joe"
  Liabilities:US:Chase:Slate                       -52.56 USD
  Expenses:Food:Restaurant                          52.56 USD

2015-02-09 * "Rose Flower" "Eating out after work"
  Liabilities:US:Chase:Slate                       -32.91 USD
  Expenses:Food:Restaurant                          32.91 USD

2015-02-09 * "Chase:Slate" "Paying off credit card"
  Liabilities:US:Chase:Slate                       472.84 USD
  Assets:US:BofA:Checking                         -472.84 USD

2015-02-10 * "Good Moods Market" "Buying groceries"
  Liabilities:US:Chase:Slate                      -124.12 USD
  Expenses:Food:Groceries                          124.12 USD

2015-02-13 balance Liabilities:US:Chase:Slate     -124.12 USD

2015-02-13 * "China Garden" "Eating out after work"
  Liabilities:US:Chase:Slate                       -41.73 USD
  Expenses:Food:Restaurant                          41.73 USD

2015-02-18 * "China Garden" "Eating out "
  Liabilities:US:Chase:Slate                       -18.94 USD
  Expenses:Food:Restaurant                          18.94 USD

2015-02-21 * "Rose Flower" "Eating out with Joe"
  Liabilities:US:Chase:Slate                       -31.60 USD
  Expenses:Food:Restaurant                          31.60 USD

2015-02-22 * "Rose Flower" "Eating out with work buddies"
  Liabilities:US:Chase:Slate                       -17.78 USD
  Expenses:Food:Restaurant                          17.78 USD

2015-02-27 * "China Garden" "Eating out with Joe"
  Liabilities:US:Chase:Slate                       -24.04 USD
  Expenses:Food:Restaurant                          24.04 USD

2015-03-02 * "Jewel of Morroco" "Eating out with work buddies"
  Liabilities:US:Chase:Slate                       -33.16 USD
  Expenses:Food:Restaurant                          33.16 USD

2015-03-02 * "Onion Market" "Buying groceries"
  Liabilities:US:Chase:Slate                       -72.89 USD
  Expenses:Food:Groceries                           72.89 USD

2015-03-05 * "Metro Transport Authority" "Tram tickets"
  Liabilities:US:Chase:Slate                      -120.00 USD
  Expenses:Transport:Tram                          120.00 USD

2015-03-06 * "China Garden" "Eating out alone"
  Liabilities:US:Chase:Slate                       -30.78 USD
  Expenses:Food:Restaurant                          30.78 USD

2015-03-09 * "Uncle Boons" "Eating out with Natasha"
  Liabilities:US:Chase:Slate                       -20.27 USD
  Expenses:Food:Restaurant                          20.27 USD

2015-03-09 * "Chase:Slate" "Paying off credit card"
  Liabilities:US:Chase:Slate                       535.31 USD
  Assets:US:BofA:Checking                         -535.31 USD

2015-03-11 balance Liabilities:US:Chase:Slate           0 USD

2015-03-14 * "Kin Soy" "Eating out with Bill"
  Liabilities:US:Chase:Slate                       -37.90 USD
  Expenses:Food:Restaurant                          37.90 USD

2015-03-17 * "Kin Soy" "Eating out alone"
  Liabilities:US:Chase:Slate                       -63.58 USD
  Expenses:Food:Restaurant                          63.58 USD

2015-03-19 * "Farmer Fresh" "Buying groceries"
  Liabilities:US:Chase:Slate                      -121.70 USD
  Expenses:Food:Groceries                          121.70 USD

2015-03-21 * "Jewel of Morroco" "Eating out with Bill"
  Liabilities:US:Chase:Slate                       -17.94 USD
  Expenses:Food:Restaurant                          17.94 USD

2015-03-25 * "Chichipotle" "Eating out with work buddies"
  Liabilities:US:Chase:Slate                       -25.88 USD
  Expenses:Food:Restaurant                          25.88 USD

2015-03-28 * "Goba Goba" "Eating out with work buddies"
  Liabilities:US:Chase:Slate                       -45.42 USD
  Expenses:Food:Restaurant                          45.42 USD

2015-03-30 * "Kin Soy" "Eating out with Bill"
  Liabilities:US:Chase:Slate                       -36.58 USD
  Expenses:Food:Restaurant                          36.58 USD

2015-03-31 * "Uncle Boons" "Eating out "
  Liabilities:US:Chase:Slate                       -19.69 USD
  Expenses:Food:Restaurant                          19.69 USD

2015-04-02 * "Metro Transport Authority" "Tram tickets"
  Liabilities:US:Chase:Slate                      -120.00 USD
  Expenses:Transport:Tram                          120.00 USD

2015-04-03 * "Uncle Boons" "Eating out after work"
  Liabilities:US:Chase:Slate                       -10.62 USD
  Expenses:Food:Restaurant                          10.62 USD

2015-04-03 * "Farmer Fresh" "Buying groceries"
  Liabilities:US:Chase:Slate                      -100.22 USD
  Expenses:Food:Groceries                          100.22 USD

2015-04-06 balance Liabilities:US:Chase:Slate     -599.53 USD

2015-04-07 * "Uncle Boons" "Eating out alone"
  Liabilities:US:Chase:Slate                       -16.97 USD
  Expenses:Food:Restaurant                          16.97 USD

2015-04-09 * "Cafe Modagor" "Eating out after work"
  Liabilities:US:Chase:Slate                       -17.15 USD
  Expenses:Food:Restaurant                          17.15 USD

2015-04-10 * "Chase:Slate" "Paying off credit card"
  Liabilities:US:Chase:Slate                       670.66 USD
  Assets:US:BofA:Checking                         -670.66 USD

2015-04-12 * "Uncle Boons" "Eating out with Julie"
  Liabilities:US:Chase:Slate                       -37.01 USD
  Expenses:Food:Restaurant                          37.01 USD

2015-04-14 * "Farmer Fresh" "Buying groceries"
  Liabilities:US:Chase:Slate                       -64.08 USD
  Expenses:Food:Groceries                           64.08 USD

2015-04-15 * "Cafe Modagor" "Eating out with Natasha"
  Liabilities:US:Chase:Slate                       -47.95 USD
  Expenses:Food:Restaurant                          47.95 USD

2015-04-19 * "China Garden" "Eating out alone"
  Liabilities:US:Chase:Slate                       -28.23 USD
  Expenses:Food:Restaurant                          28.23 USD

2015-04-23 * "Uncle Boons" "Eating out with Natasha"
  Liabilities:US:Chase:Slate                       -36.04 USD
  Expenses:Food:Restaurant                          36.04 USD

2015-04-27 * "Jewel of Morroco" "Eating out with Julie"
  Liabilities:US:Chase:Slate                       -18.56 USD
  Expenses:Food:Restaurant                          18.56 USD

2015-04-28 * "Good Moods Market" "Buying groceries"
  Liabilities:US:Chase:Slate                       -81.12 USD
  Expenses:Food:Groceries                           81.12 USD

2015-05-01 balance Liabilities:US:Chase:Slate     -275.98 USD

2015-05-01 * "Uncle Boons" "Eating out with work buddies"
  Liabilities:US:Chase:Slate                       -52.36 USD
  Expenses:Food:Restaurant                          52.36 USD

2015-05-04 * "Metro Transport Authority" "Tram tickets"
  Liabilities:US:Chase:Slate                      -120.00 USD
  Expenses:Transport:Tram                          120.00 USD

2015-05-05 * "Goba Goba" "Eating out alone"
  Liabilities:US:Chase:Slate                       -31.22 USD
  Expenses:Food:Restaurant                          31.22 USD

2015-05-06 * "Uncle Boons" "Eating out with work buddies"
  Liabilities:US:Chase:Slate                       -33.12 USD
  Expenses:Food:Restaurant                          33.12 USD

2015-05-07 * "Uncle Boons" "Eating out "
  Liabilities:US:Chase:Slate                       -19.38 USD
  Expenses:Food:Restaurant                          19.38 USD

2015-05-09 * "Jewel of Morroco" "Eating out "
  Liabilities:US:Chase:Slate                       -43.66 USD
  Expenses:Food:Restaurant                          43.66 USD

2015-05-10 * "Chase:Slate" "Paying off credit card"
  Liabilities:US:Chase:Slate                       628.41 USD
  Assets:US:BofA:Checking                         -628.41 USD

2015-05-11 * "Chichipotle" "Eating out after work"
  Liabilities:US:Chase:Slate                       -52.69 USD
  Expenses:Food:Restaurant                          52.69 USD

2015-05-13 * "Goba Goba" "Eating out with Natasha"
  Liabilities:US:Chase:Slate                       -21.83 USD
  Expenses:Food:Restaurant                          21.83 USD

2015-05-14 * "Goba Goba" "Eating out alone"
  Liabilities:US:Chase:Slate                       -12.51 USD
  Expenses:Food:Restaurant                          12.51 USD

2015-05-15 * "Good Moods Market" "Buying groceries"
  Liabilities:US:Chase:Slate                      -100.16 USD
  Expenses:Food:Groceries                          100.16 USD

2015-05-18 * "Jewel of Morroco" "Eating out with Bill"
  Liabilities:US:Chase:Slate                       -13.18 USD
  Expenses:Food:Restaurant                          13.18 USD

2015-05-20 * "Cafe Modagor" "Eating out with work buddies"
  Liabilities:US:Chase:Slate                       -18.55 USD
  Expenses:Food:Restaurant                          18.55 USD

2015-05-22 * "Corner Deli" "Buying groceries"
  Liabilities:US:Chase:Slate                       -80.78 USD
  Expenses:Food:Groceries                           80.78 USD

2015-05-25 * "Goba Goba" "Eating out with work buddies"
  Liabilities:US:Chase:Slate                       -18.07 USD
  Expenses:Food:Restaurant                          18.07 USD

2015-05-28 * "Cafe Modagor" "Eating out alone"
  Liabilities:US:Chase:Slate                       -39.51 USD
  Expenses:Food:Restaurant                          39.51 USD

2015-05-29 * "Goba Goba" "Eating out alone"
  Liabilities:US:Chase:Slate                       -23.35 USD
  Expenses:Food:Restaurant                          23.35 USD

2015-05-30 balance Liabilities:US:Chase:Slate     -327.94 USD

2015-06-01 * "Rose Flower" "Eating out with work buddies"
  Liabilities:US:Chase:Slate                       -13.33 USD
  Expenses:Food:Restaurant                          13.33 USD

2015-06-01 * "Metro Transport Authority" "Tram tickets"
  Liabilities:US:Chase:Slate                      -120.00 USD
  Expenses:Transport:Tram                          120.00 USD

2015-06-03 * "Good Moods Market" "Buying groceries"
  Liabilities:US:Chase:Slate                       -43.49 USD
  Expenses:Food:Groceries                           43.49 USD

2015-06-04 * "Rose Flower" "Eating out with Julie"
  Liabilities:US:Chase:Slate                       -21.16 USD
  Expenses:Food:Restaurant                          21.16 USD

2015-06-08 * "Jewel of Morroco" "Eating out with Julie"
  Liabilities:US:Chase:Slate                       -35.35 USD
  Expenses:Food:Restaurant                          35.35 USD

2015-06-11 * "Chichipotle" "Eating out after work"
  Liabilities:US:Chase:Slate                       -37.88 USD
  Expenses:Food:Restaurant                          37.88 USD

2015-06-11 * "Corner Deli" "Buying groceries"
  Liabilities:US:Chase:Slate                       -87.70 USD
  Expenses:Food:Groceries                           87.70 USD

2015-06-11 * "Chase:Slate" "Paying off credit card"
  Liabilities:US:Chase:Slate                       599.15 USD
  Assets:US:BofA:Checking                         -599.15 USD

2015-06-14 * "Cafe Modagor" "Eating out alone"
  Liabilities:US:Chase:Slate                       -33.05 USD
  Expenses:Food:Restaurant                          33.05 USD

2015-06-16 * "Good Moods Market" "Buying groceries"
  Liabilities:US:Chase:Slate                       -80.56 USD
  Expenses:Food:Groceries                           80.56 USD

2015-06-19 * "Rose Flower" "Eating out with Joe"
  Liabilities:US:Chase:Slate                       -42.84 USD
  Expenses:Food:Restaurant                          42.84 USD

2015-06-21 * "Onion Market" "Buying groceries"
  Liabilities:US:Chase:Slate                       -57.11 USD
  Expenses:Food:Groceries                           57.11 USD

2015-06-23 * "Jewel of Morroco" "Eating out with work buddies"
  Liabilities:US:Chase:Slate                       -53.67 USD
  Expenses:Food:Restaurant                          53.67 USD

2015-06-26 balance Liabilities:US:Chase:Slate     -354.93 USD

2015-06-28 * "Chichipotle" "Eating out with Natasha"
  Liabilities:US:Chase:Slate                       -25.85 USD
  Expenses:Food:Restaurant                          25.85 USD

2015-06-29 event "location" "Boston"

2015-06-30 * "Franklin Cafe" "" #trip-boston-2015
  Liabilities:US:Chase:Slate                       -35.06 USD
  Expenses:Food:Restaurant                          35.06 USD

2015-06-30 * "Starbucks" "" #trip-boston-2015
  Liabilities:US:Chase:Slate                        -5.60 USD
  Expenses:Food:Coffee                               5.60 USD

2015-07-01 * "Giacomo's Restaurant" "" #trip-boston-2015
  Liabilities:US:Chase:Slate                       -36.01 USD
  Expenses:Food:Restaurant                          36.01 USD

2015-07-01 * "Legal Seafood" "" #trip-boston-2015
  Liabilities:US:Chase:Slate                       -38.38 USD
  Expenses:Food:Restaurant                          38.38 USD

2015-07-02 * "Franklin Cafe" "" #trip-boston-2015
  Liabilities:US:Chase:Slate                       -32.70 USD
  Expenses:Food:Restaurant                          32.70 USD

2015-07-02 * "Starbucks" "" #trip-boston-2015
  Liabilities:US:Chase:Slate                        -5.64 USD
  Expenses:Food:Coffee                               5.64 USD

2015-07-03 * "Legal Seafood" "" #trip-boston-2015
  Liabilities:US:Chase:Slate                       -41.40 USD
  Expenses:Food:Restaurant                          41.40 USD

2015-07-05 * "Franklin Cafe" "" #trip-boston-2015
  Liabilities:US:Chase:Slate                       -32.30 USD
  Expenses:Food:Restaurant                          32.30 USD

2015-07-06 * "Giacomo's Restaurant" "" #trip-boston-2015
  Liabilities:US:Chase:Slate                       -37.07 USD
  Expenses:Food:Restaurant                          37.07 USD

2015-07-07 * "Legal Seafood" "" #trip-boston-2015
  Liabilities:US:Chase:Slate                       -33.49 USD
  Expenses:Food:Restaurant                          33.49 USD

2015-07-08 * "Giacomo's Restaurant" "" #trip-boston-2015
  Liabilities:US:Chase:Slate                       -40.80 USD
  Expenses:Food:Restaurant                          40.80 USD

2015-07-08 * "Starbucks" "" #trip-boston-2015
  Liabilities:US:Chase:Slate                        -5.40 USD
  Expenses:Food:Coffee                               5.40 USD

2015-07-09 * "Giacomo's Restaurant" "" #trip-boston-2015
  Liabilities:US:Chase:Slate                       -49.36 USD
  Expenses:Food:Restaurant                          49.36 USD

2015-07-09 * "Legal Seafood" "" #trip-boston-2015
  Liabilities:US:Chase:Slate                       -27.80 USD
  Expenses:Food:Restaurant                          27.80 USD

2015-07-09 * "Chase:Slate" "Paying off credit card"
  Liabilities:US:Chase:Slate                       411.48 USD
  Assets:US:BofA:Checking                         -411.48 USD

2015-07-10 * "Legal Seafood" "" #trip-boston-2015
  Liabilities:US:Chase:Slate                       -41.62 USD
  Expenses:Food:Restaurant                          41.62 USD

2015-07-10 * "Starbucks" "" #trip-boston-2015
  Liabilities:US:Chase:Slate                        -5.68 USD
  Expenses:Food:Coffee                               5.68 USD

2015-07-11 * "Giacomo's Restaurant" "" #trip-boston-2015
  Liabilities:US:Chase:Slate                       -39.66 USD
  Expenses:Food:Restaurant                          39.66 USD

2015-07-11 * "Starbucks" "" #trip-boston-2015
  Liabilities:US:Chase:Slate                        -5.07 USD
  Expenses:Food:Coffee                               5.07 USD

2015-07-13 * "Franklin Cafe" "" #trip-boston-2015
  Liabilities:US:Chase:Slate                       -30.69 USD
  Expenses:Food:Restaurant                          30.69 USD

2015-07-14 * "Giacomo's Restaurant" "" #trip-boston-2015
  Liabilities:US:Chase:Slate                       -42.37 USD
  Expenses:Food:Restaurant                          42.37 USD

2015-07-14 * "Franklin Cafe" "" #trip-boston-2015
  Liabilities:US:Chase:Slate                       -33.53 USD
  Expenses:Food:Restaurant                          33.53 USD

2015-07-14 * "Starbucks" "" #trip-boston-2015
  Liabilities:US:Chase:Slate                        -5.62 USD
  Expenses:Food:Coffee                               5.62 USD

2015-07-15 * "Giacomo's Restaurant" "" #trip-boston-2015
  Liabilities:US:Chase:Slate                       -38.09 USD
  Expenses:Food:Restaurant                          38.09 USD

2015-07-16 * "Franklin Cafe" "" #trip-boston-2015
  Liabilities:US:Chase:Slate                       -30.12 USD
  Expenses:Food:Restaurant                          30.12 USD

2015-07-17 * "Giacomo's Restaurant" "" #trip-boston-2015
  Liabilities:US:Chase:Slate                       -40.33 USD
  Expenses:Food:Restaurant                          40.33 USD

2015-07-17 * "Franklin Cafe" "" #trip-boston-2015
  Liabilities:US:Chase:Slate                       -22.42 USD
  Expenses:Food:Restaurant                          22.42 USD

2015-07-17 * "Starbucks" "" #trip-boston-2015
  Liabilities:US:Chase:Slate                        -6.25 USD
  Expenses:Food:Coffee                               6.25 USD

2015-07-18 * "Consume vacation days"
  Assets:US:Babble:Vacation                          -152 VACHR
  Expenses:Vacation                                   152 VACHR

2015-07-18 event "location" "New Metropolis"

2015-07-21 * "Uncle Boons" "Eating out after work"
  Liabilities:US:Chase:Slate                       -30.70 USD
  Expenses:Food:Restaurant                          30.70 USD

2015-07-22 * "Kin Soy" "Eating out alone"
  Liabilities:US:Chase:Slate                       -27.30 USD
  Expenses:Food:Restaurant                          27.30 USD

2015-07-23 balance Liabilities:US:Chase:Slate     -789.76 USD

2015-07-25 * "Good Moods Market" "Buying groceries"
  Liabilities:US:Chase:Slate                       -74.56 USD
  Expenses:Food:Groceries                           74.56 USD

2015-07-26 * "Metro Transport Authority" "Tram tickets"
  Liabilities:US:Chase:Slate                      -120.00 USD
  Expenses:Transport:Tram                          120.00 USD

2015-07-27 * "China Garden" "Eating out with Julie"
  Liabilities:US:Chase:Slate                       -40.02 USD
  Expenses:Food:Restaurant                          40.02 USD

2015-07-30 * "China Garden" "Eating out after work"
  Liabilities:US:Chase:Slate                       -10.48 USD
  Expenses:Food:Restaurant                          10.48 USD

2015-08-02 * "Rose Flower" "Eating out with work buddies"
  Liabilities:US:Chase:Slate                       -29.25 USD
  Expenses:Food:Restaurant                          29.25 USD

2015-08-05 * "Rose Flower" "Eating out with Joe"
  Liabilities:US:Chase:Slate                       -31.52 USD
  Expenses:Food:Restaurant                          31.52 USD

2015-08-08 * "Rose Flower" "Eating out with Julie"
  Liabilities:US:Chase:Slate                       -20.17 USD
  Expenses:Food:Restaurant                          20.17 USD

2015-08-09 * "Kin Soy" "Eating out "
  Liabilities:US:Chase:Slate                       -24.26 USD
  Expenses:Food:Restaurant                          24.26 USD

2015-08-09 * "Good Moods Market" "Buying groceries"
  Liabilities:US:Chase:Slate                       -87.41 USD
  Expenses:Food:Groceries                           87.41 USD

2015-08-10 * "Chichipotle" "Eating out with Natasha"
  Liabilities:US:Chase:Slate                       -17.37 USD
  Expenses:Food:Restaurant                          17.37 USD

2015-08-10 * "Chase:Slate" "Paying off credit card"
  Liabilities:US:Chase:Slate                       482.34 USD
  Assets:US:BofA:Checking                         -482.34 USD

2015-08-11 * "Kin Soy" "Eating out alone"
  Liabilities:US:Chase:Slate                       -20.54 USD
  Expenses:Food:Restaurant                          20.54 USD

2015-08-13 * "Chichipotle" "Eating out with Natasha"
  Liabilities:US:Chase:Slate                       -31.10 USD
  Expenses:Food:Restaurant                          31.10 USD

2015-08-15 * "Chichipotle" "Eating out with Bill"
  Liabilities:US:Chase:Slate                      -102.28 USD
  Expenses:Food:Restaurant                         102.28 USD

2015-08-16 balance Liabilities:US:Chase:Slate     -916.38 USD

2015-08-20 * "Goba Goba" "Eating out with work buddies"
  Liabilities:US:Chase:Slate                       -24.31 USD
  Expenses:Food:Restaurant                          24.31 USD

2015-08-23 * "China Garden" "Eating out with Natasha"
  Liabilities:US:Chase:Slate                       -33.31 USD
  Expenses:Food:Restaurant                          33.31 USD

2015-08-23 * "Metro Transport Authority" "Tram tickets"
  Liabilities:US:Chase:Slate                      -120.00 USD
  Expenses:Transport:Tram                          120.00 USD

2015-08-24 * "Good Moods Market" "Buying groceries"
  Liabilities:US:Chase:Slate                       -90.20 USD
  Expenses:Food:Groceries                           90.20 USD

2015-08-26 * "Cafe Modagor" "Eating out after work"
  Liabilities:US:Chase:Slate                       -56.28 USD
  Expenses:Food:Restaurant                          56.28 USD

2015-08-30 * "China Garden" "Eating out alone"
  Liabilities:US:Chase:Slate                       -18.54 USD
  Expenses:Food:Restaurant                          18.54 USD

2015-08-31 * "Cafe Modagor" "Eating out after work"
  Liabilities:US:Chase:Slate                       -26.16 USD
  Expenses:Food:Restaurant                          26.16 USD

2015-08-31 * "Corner Deli" "Buying groceries"
  Liabilities:US:Chase:Slate                       -80.21 USD
  Expenses:Food:Groceries                           80.21 USD

2015-09-05 * "Uncle Boons" "Eating out with Joe"
  Liabilities:US:Chase:Slate                       -24.65 USD
  Expenses:Food:Restaurant                          24.65 USD

2015-09-08 * "Goba Goba" "Eating out after work"
  Liabilities:US:Chase:Slate                       -32.24 USD
  Expenses:Food:Restaurant                          32.24 USD

2015-09-09 * "Chase:Slate" "Paying off credit card"
  Liabilities:US:Chase:Slate                       680.40 USD
  Assets:US:BofA:Checking                         -680.40 USD

2015-09-10 balance Liabilities:US:Chase:Slate     -741.88 USD

2015-09-11 * "Kin Soy" "Eating out with Julie"
  Liabilities:US:Chase:Slate                       -20.58 USD
  Expenses:Food:Restaurant                          20.58 USD

2015-09-13 * "Chichipotle" "Eating out with Natasha"
  Liabilities:US:Chase:Slate                       -36.41 USD
  Expenses:Food:Restaurant                          36.41 USD

2015-09-13 * "Onion Market" "Buying groceries"
  Liabilities:US:Chase:Slate                      -104.07 USD
  Expenses:Food:Groceries                          104.07 USD

2015-09-14 * "Goba Goba" "Eating out "
  Liabilities:US:Chase:Slate                       -23.67 USD
  Expenses:Food:Restaurant                          23.67 USD

2015-09-18 * "Rose Flower" "Eating out with Julie"
  Liabilities:US:Chase:Slate                       -40.60 USD
  Expenses:Food:Restaurant                          40.60 USD

2015-09-20 * "Metro Transport Authority" "Tram tickets"
  Liabilities:US:Chase:Slate                      -120.00 USD
  Expenses:Transport:Tram                          120.00 USD

2015-09-22 * "Kin Soy" "Eating out with Joe"
  Liabilities:US:Chase:Slate                       -30.52 USD
  Expenses:Food:Restaurant                          30.52 USD

2015-09-23 * "China Garden" "Eating out alone"
  Liabilities:US:Chase:Slate                       -29.50 USD
  Expenses:Food:Restaurant                          29.50 USD

2015-09-26 * "Cafe Modagor" "Eating out with Julie"
  Liabilities:US:Chase:Slate                       -37.25 USD
  Expenses:Food:Restaurant                          37.25 USD

2015-10-01 * "Jewel of Morroco" "Eating out with Joe"
  Liabilities:US:Chase:Slate                       -56.51 USD
  Expenses:Food:Restaurant                          56.51 USD

2015-10-01 * "Farmer Fresh" "Buying groceries"
  Liabilities:US:Chase:Slate                       -57.87 USD
  Expenses:Food:Groceries                           57.87 USD

2015-10-02 * "Kin Soy" "Eating out with Bill"
  Liabilities:US:Chase:Slate                       -27.13 USD
  Expenses:Food:Restaurant                          27.13 USD

2015-10-05 * "Goba Goba" "Eating out with work buddies"
  Liabilities:US:Chase:Slate                       -10.75 USD
  Expenses:Food:Restaurant                          10.75 USD

2015-10-07 * "Cafe Modagor" "Eating out with Bill"
  Liabilities:US:Chase:Slate                       -42.98 USD
  Expenses:Food:Restaurant                          42.98 USD

2015-10-08 * "Chase:Slate" "Paying off credit card"
  Liabilities:US:Chase:Slate                       643.07 USD
  Assets:US:BofA:Checking                         -643.07 USD

2015-10-10 balance Liabilities:US:Chase:Slate     -736.65 USD

2015-10-12 * "China Garden" "Eating out with work buddies"
  Liabilities:US:Chase:Slate                       -25.81 USD
  Expenses:Food:Restaurant                          25.81 USD

2015-10-12 * "Corner Deli" "Buying groceries"
  Liabilities:US:Chase:Slate                       -64.99 USD
  Expenses:Food:Groceries                           64.99 USD

2015-10-15 * "Kin Soy" "Eating out with Natasha"
  Liabilities:US:Chase:Slate                       -35.50 USD
  Expenses:Food:Restaurant                          35.50 USD

2015-10-17 * "Cafe Modagor" "Eating out with Julie"
  Liabilities:US:Chase:Slate                       -72.40 USD
  Expenses:Food:Restaurant                          72.40 USD

2015-10-19 * "Farmer Fresh" "Buying groceries"
  Liabilities:US:Chase:Slate                       -85.73 USD
  Expenses:Food:Groceries                           85.73 USD

2015-10-21 * "Metro Transport Authority" "Tram tickets"
  Liabilities:US:Chase:Slate                      -120.00 USD
  Expenses:Transport:Tram                          120.00 USD

2015-10-22 * "Jewel of Morroco" "Eating out after work"
  Liabilities:US:Chase:Slate                       -18.82 USD
  Expenses:Food:Restaurant                          18.82 USD

2015-10-24 * "Good Moods Market" "Buying groceries"
  Liabilities:US:Chase:Slate                      -103.78 USD
  Expenses:Food:Groceries                          103.78 USD

2015-10-25 * "Chichipotle" "Eating out with Bill"
  Liabilities:US:Chase:Slate                       -49.53 USD
  Expenses:Food:Restaurant                          49.53 USD

2015-10-27 * "Kin Soy" "Eating out with Bill"
  Liabilities:US:Chase:Slate                       -16.70 USD
  Expenses:Food:Restaurant                          16.70 USD

2015-11-01 balance Liabilities:US:Chase:Slate    -1329.91 USD

2015-11-01 * "Jewel of Morroco" "Eating out with work buddies"
  Liabilities:US:Chase:Slate                       -25.53 USD
  Expenses:Food:Restaurant                          25.53 USD

2015-11-01 * "Onion Market" "Buying groceries"
  Liabilities:US:Chase:Slate                       -72.73 USD
  Expenses:Food:Groceries                           72.73 USD

2015-11-03 * "Jewel of Morroco" "Eating out alone"
  Liabilities:US:Chase:Slate                       -48.13 USD
  Expenses:Food:Restaurant                          48.13 USD

2015-11-06 * "Rose Flower" "Eating out with work buddies"
  Liabilities:US:Chase:Slate                       -21.12 USD
  Expenses:Food:Restaurant                          21.12 USD

2015-11-07 * "Chase:Slate" "Paying off credit card"
  Liabilities:US:Chase:Slate                       758.02 USD
  Assets:US:BofA:Checking                         -758.02 USD

2015-11-08 * "Goba Goba" "Eating out alone"
  Liabilities:US:Chase:Slate                       -23.06 USD
  Expenses:Food:Restaurant                          23.06 USD

2015-11-13 * "Chichipotle" "Eating out with work buddies"
  Liabilities:US:Chase:Slate                       -16.28 USD
  Expenses:Food:Restaurant                          16.28 USD

2015-11-15 * "Kin Soy" "Eating out with Julie"
  Liabilities:US:Chase:Slate                       -42.18 USD
  Expenses:Food:Restaurant                          42.18 USD

2015-11-16 * "Farmer Fresh" "Buying groceries"
  Liabilities:US:Chase:Slate                       -66.42 USD
  Expenses:Food:Groceries                           66.42 USD

2015-11-17 * "China Garden" "Eating out alone"
  Liabilities:US:Chase:Slate                       -26.57 USD
  Expenses:Food:Restaurant                          26.57 USD

2015-11-17 * "Metro Transport Authority" "Tram tickets"
  Liabilities:US:Chase:Slate                      -120.00 USD
  Expenses:Transport:Tram                          120.00 USD

2015-11-21 * "Jewel of Morroco" "Eating out after work"
  Liabilities:US:Chase:Slate                       -33.56 USD
  Expenses:Food:Restaurant                          33.56 USD

2015-11-22 * "Jewel of Morroco" "Eating out with work buddies"
  Liabilities:US:Chase:Slate                       -36.32 USD
  Expenses:Food:Restaurant                          36.32 USD

2015-11-24 * "Good Moods Market" "Buying groceries"
  Liabilities:US:Chase:Slate                       -92.45 USD
  Expenses:Food:Groceries                           92.45 USD

2015-11-26 * "Jewel of Morroco" "Eating out with Natasha"
  Liabilities:US:Chase:Slate                       -26.43 USD
  Expenses:Food:Restaurant                          26.43 USD

2015-11-29 balance Liabilities:US:Chase:Slate    -1222.67 USD

2015-12-01 * "Chichipotle" "Eating out after work"
  Liabilities:US:Chase:Slate                       -31.40 USD
  Expenses:Food:Restaurant                          31.40 USD

2015-12-02 * "Chichipotle" "Eating out "
  Liabilities:US:Chase:Slate                       -24.00 USD
  Expenses:Food:Restaurant                          24.00 USD

2015-12-03 * "China Garden" "Eating out with Natasha"
  Liabilities:US:Chase:Slate                       -29.05 USD
  Expenses:Food:Restaurant                          29.05 USD

2015-12-06 * "Good Moods Market" "Buying groceries"
  Liabilities:US:Chase:Slate                       -60.75 USD
  Expenses:Food:Groceries                           60.75 USD

2015-12-07 * "China Garden" "Eating out with Bill"
  Liabilities:US:Chase:Slate                       -33.42 USD
  Expenses:Food:Restaurant                          33.42 USD

2015-12-07 * "Chase:Slate" "Paying off credit card"
  Liabilities:US:Chase:Slate                       638.83 USD
  Assets:US:BofA:Checking                         -638.83 USD

2015-12-10 * "Goba Goba" "Eating out with work buddies"
  Liabilities:US:Chase:Slate                       -27.24 USD
  Expenses:Food:Restaurant                          27.24 USD

2015-12-13 * "Jewel of Morroco" "Eating out with Julie"
  Liabilities:US:Chase:Slate                       -42.69 USD
  Expenses:Food:Restaurant                          42.69 USD

2015-12-14 * "China Garden" "Eating out with Natasha"
  Liabilities:US:Chase:Slate                       -33.37 USD
  Expenses:Food:Restaurant                          33.37 USD

2015-12-15 * "Metro Transport Authority" "Tram tickets"
  Liabilities:US:Chase:Slate                      -120.00 USD
  Expenses:Transport:Tram                          120.00 USD

2015-12-18 * "Farmer Fresh" "Buying groceries"
  Liabilities:US:Chase:Slate                       -67.21 USD
  Expenses:Food:Groceries                           67.21 USD

2015-12-19 * "Cafe Modagor" "Eating out with Joe"
  Liabilities:US:Chase:Slate                       -45.46 USD
  Expenses:Food:Restaurant                          45.46 USD

2015-12-22 * "Cafe Modagor" "Eating out "
  Liabilities:US:Chase:Slate                       -21.14 USD
  Expenses:Food:Restaurant                          21.14 USD

2015-12-24 balance Liabilities:US:Chase:Slate    -1119.57 USD

2015-12-25 * "Jewel of Morroco" "Eating out with Bill"
  Liabilities:US:Chase:Slate                       -47.67 USD
  Expenses:Food:Restaurant                          47.67 USD

2015-12-28 * "Goba Goba" "Eating out "
  Liabilities:US:Chase:Slate                       -35.93 USD
  Expenses:Food:Restaurant                          35.93 USD

2016-01-01 * "Cafe Modagor" "Eating out "
  Liabilities:US:Chase:Slate                       -29.22 USD
  Expenses:Food:Restaurant                          29.22 USD

2016-01-04 * "Chichipotle" "Eating out with Julie"
  Liabilities:US:Chase:Slate                       -32.65 USD
  Expenses:Food:Restaurant                          32.65 USD

2016-01-06 * "Cafe Modagor" "Eating out with Natasha"
  Liabilities:US:Chase:Slate                       -21.74 USD
  Expenses:Food:Restaurant                          21.74 USD

2016-01-07 * "Farmer Fresh" "Buying groceries"
  Liabilities:US:Chase:Slate                       -93.70 USD
  Expenses:Food:Groceries                           93.70 USD

2016-01-11 * "Uncle Boons" "Eating out alone"
  Liabilities:US:Chase:Slate                       -29.46 USD
  Expenses:Food:Restaurant                          29.46 USD

2016-01-11 * "Chase:Slate" "Paying off credit card"
  Liabilities:US:Chase:Slate                       647.48 USD
  Assets:US:BofA:Checking                         -647.48 USD

2016-01-14 * "Metro Transport Authority" "Tram tickets"
  Liabilities:US:Chase:Slate                      -120.00 USD
  Expenses:Transport:Tram                          120.00 USD

2016-01-15 * "Uncle Boons" "Eating out with Julie"
  Liabilities:US:Chase:Slate                       -59.59 USD
  Expenses:Food:Restaurant                          59.59 USD

2016-01-19 * "Cafe Modagor" "Eating out with Natasha"
  Liabilities:US:Chase:Slate                       -81.84 USD
  Expenses:Food:Restaurant                          81.84 USD

2016-01-21 * "Goba Goba" "Eating out with Julie"
  Liabilities:US:Chase:Slate                       -42.61 USD
  Expenses:Food:Restaurant                          42.61 USD

2016-01-21 * "Good Moods Market" "Buying groceries"
  Liabilities:US:Chase:Slate                       -90.84 USD
  Expenses:Food:Groceries                           90.84 USD

2016-01-22 balance Liabilities:US:Chase:Slate    -1157.34 USD

2016-01-26 * "Kin Soy" "Eating out with Natasha"
  Liabilities:US:Chase:Slate                       -18.72 USD
  Expenses:Food:Restaurant                          18.72 USD

2016-01-27 * "Chichipotle" "Eating out alone"
  Liabilities:US:Chase:Slate                       -23.14 USD
  Expenses:Food:Restaurant                          23.14 USD

2016-01-28 * "Uncle Boons" "Eating out "
  Liabilities:US:Chase:Slate                       -27.14 USD
  Expenses:Food:Restaurant                          27.14 USD

2016-02-02 * "Cafe Modagor" "Eating out alone"
  Liabilities:US:Chase:Slate                       -29.03 USD
  Expenses:Food:Restaurant                          29.03 USD

2016-02-04 * "Kin Soy" "Eating out with work buddies"
  Liabilities:US:Chase:Slate                       -24.77 USD
  Expenses:Food:Restaurant                          24.77 USD

2016-02-06 * "Corner Deli" "Buying groceries"
  Liabilities:US:Chase:Slate                      -105.19 USD
  Expenses:Food:Groceries                          105.19 USD

2016-02-09 * "Chichipotle" "Eating out alone"
  Liabilities:US:Chase:Slate                       -31.36 USD
  Expenses:Food:Restaurant                          31.36 USD

2016-02-10 * "Cafe Modagor" "Eating out with work buddies"
  Liabilities:US:Chase:Slate                       -46.98 USD
  Expenses:Food:Restaurant                          46.98 USD

2016-02-10 * "Metro Transport Authority" "Tram tickets"
  Liabilities:US:Chase:Slate                      -120.00 USD
  Expenses:Transport:Tram                          120.00 USD

2016-02-10 * "Chase:Slate" "Paying off credit card"
  Liabilities:US:Chase:Slate                       701.21 USD
  Assets:US:BofA:Checking                         -701.21 USD

2016-02-11 * "Kin Soy" "Eating out after work"
  Liabilities:US:Chase:Slate                       -15.75 USD
  Expenses:Food:Restaurant                          15.75 USD

2016-02-12 event "location" "New York"

2016-02-13 balance Liabilities:US:Chase:Slate     -898.21 USD

2016-02-13 * "Takahachi" "" #trip-new-york-2016
  Liabilities:US:Chase:Slate                       -52.25 USD
  Expenses:Food:Restaurant                          52.25 USD

2016-02-13 * "Laut" "" #trip-new-york-2016
  Liabilities:US:Chase:Slate                       -26.22 USD
  Expenses:Food:Restaurant                          26.22 USD

2016-02-14 * "Uncle Boons" "" #trip-new-york-2016
  Liabilities:US:Chase:Slate                       -44.39 USD
  Expenses:Food:Restaurant                          44.39 USD

2016-02-14 * "Laut" "" #trip-new-york-2016
  Liabilities:US:Chase:Slate                       -31.02 USD
  Expenses:Food:Restaurant                          31.02 USD

2016-02-15 * "Cafe Select" "" #trip-new-york-2016
  Liabilities:US:Chase:Slate                       -31.63 USD
  Expenses:Food:Restaurant                          31.63 USD

2016-02-16 * "Laut" "" #trip-new-york-2016
  Liabilities:US:Chase:Slate                       -30.86 USD
  Expenses:Food:Restaurant                          30.86 USD

2016-02-16 * "La Colombe" "" #trip-new-york-2016
  Liabilities:US:Chase:Slate                        -6.71 USD
  Expenses:Food:Coffee                               6.71 USD

2016-02-16 * "Gimme! Coffee" "" #trip-new-york-2016
  Liabilities:US:Chase:Slate                        -6.47 USD
  Expenses:Food:Coffee                               6.47 USD

2016-02-17 * "Cafe Select" "" #trip-new-york-2016
  Liabilities:US:Chase:Slate                       -36.28 USD
  Expenses:Food:Restaurant                          36.28 USD

2016-02-18 * "Laut" "" #trip-new-york-2016
  Liabilities:US:Chase:Slate                       -31.10 USD
  Expenses:Food:Restaurant                          31.10 USD

2016-02-19 * "Uncle Boons" "" #trip-new-york-2016
  Liabilities:US:Chase:Slate                       -46.67 USD
  Expenses:Food:Restaurant                          46.67 USD

2016-02-19 * "Laut" "" #trip-new-york-2016
  Liabilities:US:Chase:Slate                       -34.70 USD
  Expenses:Food:Restaurant                          34.70 USD

2016-02-19 * "La Colombe" "" #trip-new-york-2016
  Liabilities:US:Chase:Slate                        -6.09 USD
  Expenses:Food:Coffee                               6.09 USD

2016-02-19 * "Gimme! Coffee" "" #trip-new-york-2016
  Liabilities:US:Chase:Slate                        -7.02 USD
  Expenses:Food:Coffee                               7.02 USD

2016-02-20 * "Uncle Boons" "" #trip-new-york-2016
  Liabilities:US:Chase:Slate                       -38.95 USD
  Expenses:Food:Restaurant                          38.95 USD

2016-02-21 * "La Colombe" "" #trip-new-york-2016
  Liabilities:US:Chase:Slate                        -5.38 USD
  Expenses:Food:Coffee                               5.38 USD

2016-02-22 * "Takahachi" "" #trip-new-york-2016
  Liabilities:US:Chase:Slate                       -55.10 USD
  Expenses:Food:Restaurant                          55.10 USD

2016-02-22 * "Laut" "" #trip-new-york-2016
  Liabilities:US:Chase:Slate                       -36.16 USD
  Expenses:Food:Restaurant                          36.16 USD

2016-02-22 * "Gimme! Coffee" "" #trip-new-york-2016
  Liabilities:US:Chase:Slate                        -7.21 USD
  Expenses:Food:Coffee                               7.21 USD

2016-02-23 * "Gimme! Coffee" "" #trip-new-york-2016
  Liabilities:US:Chase:Slate                        -4.86 USD
  Expenses:Food:Coffee                               4.86 USD

2016-02-24 * "Takahachi" "" #trip-new-york-2016
  Liabilities:US:Chase:Slate                       -46.50 USD
  Expenses:Food:Restaurant                          46.50 USD

2016-02-24 * "Gimme! Coffee" "" #trip-new-york-2016
  Liabilities:US:Chase:Slate                        -7.63 USD
  Expenses:Food:Coffee                               7.63 USD

2016-02-25 * "Gimme! Coffee" "" #trip-new-york-2016
  Liabilities:US:Chase:Slate                        -7.45 USD
  Expenses:Food:Coffee                               7.45 USD

2016-02-26 * "Takahachi" "" #trip-new-york-2016
  Liabilities:US:Chase:Slate                       -58.21 USD
  Expenses:Food:Restaurant                          58.21 USD

2016-02-27 * "La Colombe" "" #trip-new-york-2016
  Liabilities:US:Chase:Slate                        -5.83 USD
  Expenses:Food:Coffee                               5.83 USD

2016-02-28 * "Gimme! Coffee" "" #trip-new-york-2016
  Liabilities:US:Chase:Slate                        -7.57 USD
  Expenses:Food:Coffee                               7.57 USD

2016-02-29 * "Uncle Boons" "" #trip-new-york-2016
  Liabilities:US:Chase:Slate                       -36.81 USD
  Expenses:Food:Restaurant                          36.81 USD

2016-02-29 * "Cafe Select" "" #trip-new-york-2016
  Liabilities:US:Chase:Slate                       -25.24 USD
  Expenses:Food:Restaurant                          25.24 USD

2016-02-29 * "La Colombe" "" #trip-new-york-2016
  Liabilities:US:Chase:Slate                        -6.61 USD
  Expenses:Food:Coffee                               6.61 USD

2016-02-29 * "Gimme! Coffee" "" #trip-new-york-2016
  Liabilities:US:Chase:Slate                        -6.84 USD
  Expenses:Food:Coffee                               6.84 USD

2016-02-29 * "Consume vacation days"
  Assets:US:Babble:Vacation                          -136 VACHR
  Expenses:Vacation                                   136 VACHR

2016-02-29 event "location" "New Metropolis"

2016-03-03 * "Cafe Modagor" "Eating out with work buddies"
  Liabilities:US:Chase:Slate                       -27.26 USD
  Expenses:Food:Restaurant                          27.26 USD

2016-03-04 balance Liabilities:US:Chase:Slate    -1673.23 USD

2016-03-05 * "Farmer Fresh" "Buying groceries"
  Liabilities:US:Chase:Slate                      -106.80 USD
  Expenses:Food:Groceries                          106.80 USD

2016-03-07 * "Chase:Slate" "Paying off credit card"
  Liabilities:US:Chase:Slate                       331.58 USD
  Assets:US:BofA:Checking                         -331.58 USD

2016-03-08 * "Goba Goba" "Eating out after work"
  Liabilities:US:Chase:Slate                       -61.77 USD
  Expenses:Food:Restaurant                          61.77 USD

2016-03-08 * "Metro Transport Authority" "Tram tickets"
  Liabilities:US:Chase:Slate                      -120.00 USD
  Expenses:Transport:Tram                          120.00 USD

2016-03-10 * "Goba Goba" "Eating out after work"
  Liabilities:US:Chase:Slate                       -33.34 USD
  Expenses:Food:Restaurant                          33.34 USD

2016-03-12 * "Cafe Modagor" "Eating out with Joe"
  Liabilities:US:Chase:Slate                       -48.07 USD
  Expenses:Food:Restaurant                          48.07 USD

2016-03-13 * "Cafe Modagor" "Eating out with Bill"
  Liabilities:US:Chase:Slate                       -23.86 USD
  Expenses:Food:Restaurant                          23.86 USD

2016-03-16 * "Jewel of Morroco" "Eating out alone"
  Liabilities:US:Chase:Slate                       -40.70 USD
  Expenses:Food:Restaurant                          40.70 USD

2016-03-17 * "China Garden" "Eating out alone"
  Liabilities:US:Chase:Slate                       -38.76 USD
  Expenses:Food:Restaurant                          38.76 USD

2016-03-18 * "Corner Deli" "Buying groceries"
  Liabilities:US:Chase:Slate                       -79.55 USD
  Expenses:Food:Groceries                           79.55 USD

2016-03-21 * "Goba Goba" "Eating out "
  Liabilities:US:Chase:Slate                       -33.06 USD
  Expenses:Food:Restaurant                          33.06 USD

2016-03-22 * "Goba Goba" "Eating out after work"
  Liabilities:US:Chase:Slate                       -34.25 USD
  Expenses:Food:Restaurant                          34.25 USD

2016-03-24 balance Liabilities:US:Chase:Slate    -1961.81 USD

2016-03-27 * "Rose Flower" "Eating out after work"
  Liabilities:US:Chase:Slate                       -30.87 USD
  Expenses:Food:Restaurant                          30.87 USD

2016-03-29 * "Rose Flower" "Eating out after work"
  Liabilities:US:Chase:Slate                       -36.06 USD
  Expenses:Food:Restaurant                          36.06 USD

2016-04-01 * "Chichipotle" "Eating out with Joe"
  Liabilities:US:Chase:Slate                       -20.48 USD
  Expenses:Food:Restaurant                          20.48 USD

2016-04-01 * "Onion Market" "Buying groceries"
  Liabilities:US:Chase:Slate                       -78.03 USD
  Expenses:Food:Groceries                           78.03 USD

2016-04-05 * "Kin Soy" "Eating out alone"
  Liabilities:US:Chase:Slate                       -28.16 USD
  Expenses:Food:Restaurant                          28.16 USD

2016-04-06 * "Uncle Boons" "Eating out with Bill"
  Liabilities:US:Chase:Slate                       -20.65 USD
  Expenses:Food:Restaurant                          20.65 USD

2016-04-07 * "Chase:Slate" "Paying off credit card"
  Liabilities:US:Chase:Slate                       785.84 USD
  Assets:US:BofA:Checking                         -785.84 USD

2016-04-10 * "Metro Transport Authority" "Tram tickets"
  Liabilities:US:Chase:Slate                      -120.00 USD
  Expenses:Transport:Tram                          120.00 USD

2016-04-11 * "Kin Soy" "Eating out with work buddies"
  Liabilities:US:Chase:Slate                       -50.62 USD
  Expenses:Food:Restaurant                          50.62 USD

2016-04-11 * "Corner Deli" "Buying groceries"
  Liabilities:US:Chase:Slate                      -129.72 USD
  Expenses:Food:Groceries                          129.72 USD

2016-04-13 * "Cafe Modagor" "Eating out alone"
  Liabilities:US:Chase:Slate                       -25.38 USD
  Expenses:Food:Restaurant                          25.38 USD

2016-04-14 balance Liabilities:US:Chase:Slate    -1715.94 USD

2016-04-16 * "Uncle Boons" "Eating out alone"
  Liabilities:US:Chase:Slate                       -18.88 USD
  Expenses:Food:Restaurant                          18.88 USD

2016-04-18 * "Goba Goba" "Eating out with Joe"
  Liabilities:US:Chase:Slate                       -26.21 USD
  Expenses:Food:Restaurant                          26.21 USD

2016-04-20 * "Farmer Fresh" "Buying groceries"
  Liabilities:US:Chase:Slate                       -82.25 USD
  Expenses:Food:Groceries                           82.25 USD

2016-04-21 * "Rose Flower" "Eating out with Natasha"
  Liabilities:US:Chase:Slate                       -21.19 USD
  Expenses:Food:Restaurant                          21.19 USD

2016-04-26 * "Goba Goba" "Eating out with Julie"
  Liabilities:US:Chase:Slate                       -54.29 USD
  Expenses:Food:Restaurant                          54.29 USD

2016-05-01 * "Uncle Boons" "Eating out after work"
  Liabilities:US:Chase:Slate                       -25.08 USD
  Expenses:Food:Restaurant                          25.08 USD

2016-05-01 * "Corner Deli" "Buying groceries"
  Liabilities:US:Chase:Slate                      -123.69 USD
  Expenses:Food:Groceries                          123.69 USD

2016-05-03 * "Jewel of Morroco" "Eating out alone"
  Liabilities:US:Chase:Slate                       -25.22 USD
  Expenses:Food:Restaurant                          25.22 USD

2016-05-06 * "Chichipotle" "Eating out with Bill"
  Liabilities:US:Chase:Slate                       -41.21 USD
  Expenses:Food:Restaurant                          41.21 USD

2016-05-08 * "Metro Transport Authority" "Tram tickets"
  Liabilities:US:Chase:Slate                      -120.00 USD
  Expenses:Transport:Tram                          120.00 USD

2016-05-08 * "Chase:Slate" "Paying off credit card"
  Liabilities:US:Chase:Slate                       743.74 USD
  Assets:US:BofA:Checking                         -743.74 USD

2016-05-09 * "Farmer Fresh" "Buying groceries"
  Liabilities:US:Chase:Slate                       -55.70 USD
  Expenses:Food:Groceries                           55.70 USD

2016-05-10 * "Rose Flower" "Eating out with Joe"
  Liabilities:US:Chase:Slate                       -11.24 USD
  Expenses:Food:Restaurant                          11.24 USD

2016-05-13 balance Liabilities:US:Chase:Slate    -1577.16 USD

2016-05-15 * "Rose Flower" "Eating out "
  Liabilities:US:Chase:Slate                       -38.62 USD
  Expenses:Food:Restaurant                          38.62 USD

2016-05-18 * "Jewel of Morroco" "Eating out with Bill"
  Liabilities:US:Chase:Slate                       -31.22 USD
  Expenses:Food:Restaurant                          31.22 USD

2016-05-21 * "Cafe Modagor" "Eating out with Julie"
  Liabilities:US:Chase:Slate                       -27.48 USD
  Expenses:Food:Restaurant                          27.48 USD

2016-05-23 * "Kin Soy" "Eating out with Julie"
  Liabilities:US:Chase:Slate                       -25.41 USD
  Expenses:Food:Restaurant                          25.41 USD

2016-05-26 * "Chichipotle" "Eating out with work buddies"
  Liabilities:US:Chase:Slate                       -36.10 USD
  Expenses:Food:Restaurant                          36.10 USD

2016-05-28 * "Onion Market" "Buying groceries"
  Liabilities:US:Chase:Slate                       -78.52 USD
  Expenses:Food:Groceries                           78.52 USD

2016-05-30 * "Uncle Boons" "Eating out with work buddies"
  Liabilities:US:Chase:Slate                       -28.21 USD
  Expenses:Food:Restaurant                          28.21 USD

2016-06-02 * "Goba Goba" "Eating out with Joe"
  Liabilities:US:Chase:Slate                       -47.82 USD
  Expenses:Food:Restaurant                          47.82 USD

2016-06-05 * "Rose Flower" "Eating out with Joe"
  Liabilities:US:Chase:Slate                       -26.34 USD
  Expenses:Food:Restaurant                          26.34 USD

2016-06-05 * "Metro Transport Authority" "Tram tickets"
  Liabilities:US:Chase:Slate                      -120.00 USD
  Expenses:Transport:Tram                          120.00 USD

2016-06-06 * "Chichipotle" "Eating out with work buddies"
  Liabilities:US:Chase:Slate                       -59.07 USD
  Expenses:Food:Restaurant                          59.07 USD

2016-06-07 * "Good Moods Market" "Buying groceries"
  Liabilities:US:Chase:Slate                      -106.04 USD
  Expenses:Food:Groceries                          106.04 USD

2016-06-10 * "Chichipotle" "Eating out with Bill"
  Liabilities:US:Chase:Slate                       -18.57 USD
  Expenses:Food:Restaurant                          18.57 USD

2016-06-10 * "Chase:Slate" "Paying off credit card"
  Liabilities:US:Chase:Slate                       710.34 USD
  Assets:US:BofA:Checking                         -710.34 USD

2016-06-12 balance Liabilities:US:Chase:Slate    -1510.22 USD

2016-06-15 * "Chichipotle" "Eating out with Joe"
  Liabilities:US:Chase:Slate                       -15.90 USD
  Expenses:Food:Restaurant                          15.90 USD

2016-06-19 * "Jewel of Morroco" "Eating out alone"
  Liabilities:US:Chase:Slate                       -17.76 USD
  Expenses:Food:Restaurant                          17.76 USD

2016-06-20 * "Cafe Modagor" "Eating out with Natasha"
  Liabilities:US:Chase:Slate                       -63.90 USD
  Expenses:Food:Restaurant                          63.90 USD

2016-06-25 * "Cafe Modagor" "Eating out with Julie"
  Liabilities:US:Chase:Slate                       -36.07 USD
  Expenses:Food:Restaurant                          36.07 USD

2016-06-26 * "Onion Market" "Buying groceries"
  Liabilities:US:Chase:Slate                       -79.92 USD
  Expenses:Food:Groceries                           79.92 USD

2016-06-29 * "Rose Flower" "Eating out after work"
  Liabilities:US:Chase:Slate                       -36.69 USD
  Expenses:Food:Restaurant                          36.69 USD

2016-07-01 * "Uncle Boons" "Eating out with Julie"
  Liabilities:US:Chase:Slate                       -14.37 USD
  Expenses:Food:Restaurant                          14.37 USD

2016-07-06 * "Rose Flower" "Eating out with Julie"
  Liabilities:US:Chase:Slate                       -33.16 USD
  Expenses:Food:Restaurant                          33.16 USD

2016-07-07 * "Metro Transport Authority" "Tram tickets"
  Liabilities:US:Chase:Slate                      -120.00 USD
  Expenses:Transport:Tram                          120.00 USD

2016-07-08 * "Chase:Slate" "Paying off credit card"
  Liabilities:US:Chase:Slate                       458.55 USD
  Assets:US:BofA:Checking                         -458.55 USD

2016-07-09 balance Liabilities:US:Chase:Slate    -1469.44 USD

2016-07-11 * "Jewel of Morroco" "Eating out with work buddies"
  Liabilities:US:Chase:Slate                       -40.78 USD
  Expenses:Food:Restaurant                          40.78 USD

2016-07-14 * "Corner Deli" "Buying groceries"
  Liabilities:US:Chase:Slate                       -90.54 USD
  Expenses:Food:Groceries                           90.54 USD

2016-07-16 * "Kin Soy" "Eating out alone"
  Liabilities:US:Chase:Slate                       -26.55 USD
  Expenses:Food:Restaurant                          26.55 USD

2016-07-19 * "Jewel of Morroco" "Eating out "
  Liabilities:US:Chase:Slate                       -30.68 USD
  Expenses:Food:Restaurant                          30.68 USD

2016-07-22 * "Goba Goba" "Eating out with Bill"
  Liabilities:US:Chase:Slate                       -19.18 USD
  Expenses:Food:Restaurant                          19.18 USD

2016-07-23 * "Good Moods Market" "Buying groceries"
  Liabilities:US:Chase:Slate                       -87.62 USD
  Expenses:Food:Groceries                           87.62 USD

2016-07-26 * "Goba Goba" "Eating out after work"
  Liabilities:US:Chase:Slate                       -26.98 USD
  Expenses:Food:Restaurant                          26.98 USD

2016-07-28 * "China Garden" "Eating out with Julie"
  Liabilities:US:Chase:Slate                       -18.77 USD
  Expenses:Food:Restaurant                          18.77 USD

2016-07-29 * "Corner Deli" "Buying groceries"
  Liabilities:US:Chase:Slate                      -144.72 USD
  Expenses:Food:Groceries                          144.72 USD

2016-07-30 * "Jewel of Morroco" "Eating out with Julie"
  Liabilities:US:Chase:Slate                       -20.95 USD
  Expenses:Food:Restaurant                          20.95 USD

2016-08-01 event "location" "Chicago"

2016-08-03 balance Liabilities:US:Chase:Slate    -1976.21 USD

2016-08-03 * "Star of Siam" "" #trip-chicago-2016
  Liabilities:US:Chase:Slate                       -30.79 USD
  Expenses:Food:Restaurant                          30.79 USD

2016-08-03 * "Eataly Chicago" "" #trip-chicago-2016
  Liabilities:US:Chase:Slate                       -57.60 USD
  Expenses:Food:Restaurant                          57.60 USD

2016-08-05 * "Another Sports Pub" "" #trip-chicago-2016
  Liabilities:US:Chase:Slate                       -15.75 USD
  Expenses:Food:Alcohol                             15.75 USD

2016-08-06 * "Star of Siam" "" #trip-chicago-2016
  Liabilities:US:Chase:Slate                       -30.63 USD
  Expenses:Food:Restaurant                          30.63 USD

2016-08-06 * "Mercadito" "" #trip-chicago-2016
  Liabilities:US:Chase:Slate                       -38.60 USD
  Expenses:Food:Restaurant                          38.60 USD

2016-08-06 * "Eataly Chicago" "" #trip-chicago-2016
  Liabilities:US:Chase:Slate                       -40.27 USD
  Expenses:Food:Restaurant                          40.27 USD

2016-08-07 * "Mercadito" "" #trip-chicago-2016
  Liabilities:US:Chase:Slate                       -43.68 USD
  Expenses:Food:Restaurant                          43.68 USD

2016-08-07 * "25 Degrees Burger Bar" "" #trip-chicago-2016
  Liabilities:US:Chase:Slate                       -21.50 USD
  Expenses:Food:Restaurant                          21.50 USD

2016-08-07 * "Argo Tea" "" #trip-chicago-2016
  Liabilities:US:Chase:Slate                        -4.97 USD
  Expenses:Food:Coffee                               4.97 USD

2016-08-07 * "Chase:Slate" "Paying off credit card"
  Liabilities:US:Chase:Slate                       489.51 USD
  Assets:US:BofA:Checking                         -489.51 USD

2016-08-08 * "Argo Tea" "" #trip-chicago-2016
  Liabilities:US:Chase:Slate                        -6.01 USD
  Expenses:Food:Coffee                               6.01 USD

2016-08-10 * "25 Degrees Burger Bar" "" #trip-chicago-2016
  Liabilities:US:Chase:Slate                       -22.81 USD
  Expenses:Food:Restaurant                          22.81 USD

2016-08-10 * "Eataly Chicago" "" #trip-chicago-2016
  Liabilities:US:Chase:Slate                       -40.60 USD
  Expenses:Food:Restaurant                          40.60 USD

2016-08-11 * "Mercadito" "" #trip-chicago-2016
  Liabilities:US:Chase:Slate                       -37.51 USD
  Expenses:Food:Restaurant                          37.51 USD

2016-08-11 * "Another Sports Pub" "" #trip-chicago-2016
  Liabilities:US:Chase:Slate                       -11.21 USD
  Expenses:Food:Alcohol                             11.21 USD

2016-08-11 * "Argo Tea" "" #trip-chicago-2016
  Liabilities:US:Chase:Slate                        -6.42 USD
  Expenses:Food:Coffee                               6.42 USD

2016-08-12 * "25 Degrees Burger Bar" "" #trip-chicago-2016
  Liabilities:US:Chase:Slate                       -22.92 USD
  Expenses:Food:Restaurant                          22.92 USD

2016-08-13 * "Star of Siam" "" #trip-chicago-2016
  Liabilities:US:Chase:Slate                       -25.61 USD
  Expenses:Food:Restaurant                          25.61 USD

2016-08-13 * "Mercadito" "" #trip-chicago-2016
  Liabilities:US:Chase:Slate                       -45.75 USD
  Expenses:Food:Restaurant                          45.75 USD

2016-08-13 * "Eataly Chicago" "" #trip-chicago-2016
  Liabilities:US:Chase:Slate                       -48.16 USD
  Expenses:Food:Restaurant                          48.16 USD

2016-08-14 * "Another Sports Pub" "" #trip-chicago-2016
  Liabilities:US:Chase:Slate                       -15.62 USD
  Expenses:Food:Alcohol                             15.62 USD

2016-08-15 * "Mercadito" "" #trip-chicago-2016
  Liabilities:US:Chase:Slate                       -40.95 USD
  Expenses:Food:Restaurant                          40.95 USD

2016-08-15 * "25 Degrees Burger Bar" "" #trip-chicago-2016
  Liabilities:US:Chase:Slate                       -25.76 USD
  Expenses:Food:Restaurant                          25.76 USD

2016-08-15 * "Another Sports Pub" "" #trip-chicago-2016
  Liabilities:US:Chase:Slate                        -7.90 USD
  Expenses:Food:Alcohol                              7.90 USD

2016-08-15 * "Consume vacation days"
  Assets:US:Babble:Vacation                          -112 VACHR
  Expenses:Vacation                                   112 VACHR

2016-08-15 event "location" "New Metropolis"

2016-08-18 * "Kin Soy" "Eating out with Natasha"
  Liabilities:US:Chase:Slate                       -23.52 USD
  Expenses:Food:Restaurant                          23.52 USD

2016-08-20 * "China Garden" "Eating out with Natasha"
  Liabilities:US:Chase:Slate                       -24.46 USD
  Expenses:Food:Restaurant                          24.46 USD

2016-08-22 * "Goba Goba" "Eating out with Natasha"
  Liabilities:US:Chase:Slate                       -12.03 USD
  Expenses:Food:Restaurant                          12.03 USD

2016-08-26 * "China Garden" "Eating out alone"
  Liabilities:US:Chase:Slate                       -30.97 USD
  Expenses:Food:Restaurant                          30.97 USD

2016-08-27 balance Liabilities:US:Chase:Slate    -2218.70 USD

2016-08-29 * "Corner Deli" "Buying groceries"
  Liabilities:US:Chase:Slate                       -86.87 USD
  Expenses:Food:Groceries                           86.87 USD

2016-08-31 * "Chichipotle" "Eating out with Joe"
  Liabilities:US:Chase:Slate                       -49.25 USD
  Expenses:Food:Restaurant                          49.25 USD

2016-09-04 * "Chichipotle" "Eating out after work"
  Liabilities:US:Chase:Slate                       -33.15 USD
  Expenses:Food:Restaurant                          33.15 USD

2016-09-08 * "China Garden" "Eating out with work buddies"
  Liabilities:US:Chase:Slate                       -26.14 USD
  Expenses:Food:Restaurant                          26.14 USD

2016-09-08 * "Onion Market" "Buying groceries"
  Liabilities:US:Chase:Slate                       -60.39 USD
  Expenses:Food:Groceries                           60.39 USD

2016-09-08 * "Metro Transport Authority" "Tram tickets"
  Liabilities:US:Chase:Slate                      -120.00 USD
  Expenses:Transport:Tram                          120.00 USD

2016-09-08 * "Chase:Slate" "Paying off credit card"
  Liabilities:US:Chase:Slate                       262.87 USD
  Assets:US:BofA:Checking                         -262.87 USD

2016-09-11 * "Uncle Boons" "Eating out with Julie"
  Liabilities:US:Chase:Slate                       -69.19 USD
  Expenses:Food:Restaurant                          69.19 USD

2016-09-14 * "Jewel of Morroco" "Eating out after work"
  Liabilities:US:Chase:Slate                       -15.79 USD
  Expenses:Food:Restaurant                          15.79 USD

2016-09-16 balance Liabilities:US:Chase:Slate    -2416.61 USD

2016-09-16 * "Onion Market" "Buying groceries"
  Liabilities:US:Chase:Slate                       -83.82 USD
  Expenses:Food:Groceries                           83.82 USD

2016-09-19 * "Rose Flower" "Eating out with Joe"
  Liabilities:US:Chase:Slate                       -26.98 USD
  Expenses:Food:Restaurant                          26.98 USD

2016-09-23 * "Cafe Modagor" "Eating out with Bill"
  Liabilities:US:Chase:Slate                       -64.96 USD
  Expenses:Food:Restaurant                          64.96 USD

2016-09-26 * "Rose Flower" "Eating out with Julie"
  Liabilities:US:Chase:Slate                       -43.05 USD
  Expenses:Food:Restaurant                          43.05 USD

2016-10-01 * "Kin Soy" "Eating out alone"
  Liabilities:US:Chase:Slate                       -59.49 USD
  Expenses:Food:Restaurant                          59.49 USD

2016-10-05 * "Onion Market" "Buying groceries"
  Liabilities:US:Chase:Slate                       -87.82 USD
  Expenses:Food:Groceries                           87.82 USD

2016-10-06 * "China Garden" "Eating out with Julie"
  Liabilities:US:Chase:Slate                       -24.84 USD
  Expenses:Food:Restaurant                          24.84 USD

2016-10-07 * "Chase:Slate" "Paying off credit card"
  Liabilities:US:Chase:Slate                       776.33 USD
  Assets:US:BofA:Checking                         -776.33 USD

2016-10-10 * "Metro Transport Authority" "Tram tickets"
  Liabilities:US:Chase:Slate                      -120.00 USD
  Expenses:Transport:Tram                          120.00 USD

2016-10-11 * "Chichipotle" "Eating out "
  Liabilities:US:Chase:Slate                       -34.50 USD
  Expenses:Food:Restaurant                          34.50 USD

2016-10-11 * "Good Moods Market" "Buying groceries"
  Liabilities:US:Chase:Slate                      -102.43 USD
  Expenses:Food:Groceries                          102.43 USD

2016-10-13 balance Liabilities:US:Chase:Slate    -2288.17 USD

2016-10-13 * "Uncle Boons" "Eating out with Julie"
  Liabilities:US:Chase:Slate                       -32.10 USD
  Expenses:Food:Restaurant                          32.10 USD

2016-10-17 * "Goba Goba" "Eating out with Julie"
  Liabilities:US:Chase:Slate                       -12.88 USD
  Expenses:Food:Restaurant                          12.88 USD

2016-10-18 * "Uncle Boons" "Eating out with Natasha"
  Liabilities:US:Chase:Slate                       -20.10 USD
  Expenses:Food:Restaurant                          20.10 USD

2016-10-23 * "Goba Goba" "Eating out "
  Liabilities:US:Chase:Slate                       -36.69 USD
  Expenses:Food:Restaurant                          36.69 USD

2016-10-24 * "Farmer Fresh" "Buying groceries"
  Liabilities:US:Chase:Slate                       -76.18 USD
  Expenses:Food:Groceries                           76.18 USD

2016-10-26 * "China Garden" "Eating out with Bill"
  Liabilities:US:Chase:Slate                       -23.82 USD
  Expenses:Food:Restaurant                          23.82 USD

2016-10-29 * "Chichipotle" "Eating out with Bill"
  Liabilities:US:Chase:Slate                       -24.64 USD
  Expenses:Food:Restaurant                          24.64 USD

2016-10-29 * "Onion Market" "Buying groceries"
  Liabilities:US:Chase:Slate                       -86.74 USD
  Expenses:Food:Groceries                           86.74 USD

2016-10-31 * "Jewel of Morroco" "Eating out after work"
  Liabilities:US:Chase:Slate                       -17.56 USD
  Expenses:Food:Restaurant                          17.56 USD

2016-11-02 * "Jewel of Morroco" "Eating out with Julie"
  Liabilities:US:Chase:Slate                       -36.11 USD
  Expenses:Food:Restaurant                          36.11 USD

2016-11-03 balance Liabilities:US:Chase:Slate    -2654.99 USD

2016-11-06 * "Chichipotle" "Eating out with work buddies"
  Liabilities:US:Chase:Slate                       -25.08 USD
  Expenses:Food:Restaurant                          25.08 USD

2016-11-07 * "Good Moods Market" "Buying groceries"
  Liabilities:US:Chase:Slate                      -106.87 USD
  Expenses:Food:Groceries                          106.87 USD

2016-11-09 * "Metro Transport Authority" "Tram tickets"
  Liabilities:US:Chase:Slate                      -120.00 USD
  Expenses:Transport:Tram                          120.00 USD

2016-11-10 * "Uncle Boons" "Eating out with Julie"
  Liabilities:US:Chase:Slate                       -28.31 USD
  Expenses:Food:Restaurant                          28.31 USD

2016-11-11 * "Chase:Slate" "Paying off credit card"
  Liabilities:US:Chase:Slate                       802.74 USD
  Assets:US:BofA:Checking                         -802.74 USD

2016-11-12 * "Goba Goba" "Eating out with Bill"
  Liabilities:US:Chase:Slate                       -18.73 USD
  Expenses:Food:Restaurant                          18.73 USD

2016-11-17 * "Uncle Boons" "Eating out alone"
  Liabilities:US:Chase:Slate                       -26.47 USD
  Expenses:Food:Restaurant                          26.47 USD

2016-11-18 * "Chichipotle" "Eating out with Julie"
  Liabilities:US:Chase:Slate                       -23.31 USD
  Expenses:Food:Restaurant                          23.31 USD

2016-11-23 balance Liabilities:US:Chase:Slate    -2201.02 USD

2016-11-23 * "Kin Soy" "Eating out alone"
  Liabilities:US:Chase:Slate                       -11.08 USD
  Expenses:Food:Restaurant                          11.08 USD

2016-11-26 * "Rose Flower" "Eating out alone"
  Liabilities:US:Chase:Slate                       -26.18 USD
  Expenses:Food:Restaurant                          26.18 USD

2016-11-26 * "Farmer Fresh" "Buying groceries"
  Liabilities:US:Chase:Slate                       -92.97 USD
  Expenses:Food:Groceries                           92.97 USD

2016-11-30 * "Kin Soy" "Eating out with work buddies"
  Liabilities:US:Chase:Slate                       -11.92 USD
  Expenses:Food:Restaurant                          11.92 USD

2016-12-03 * "Cafe Modagor" "Eating out after work"
  Liabilities:US:Chase:Slate                       -31.27 USD
  Expenses:Food:Restaurant                          31.27 USD

2016-12-06 * "Kin Soy" "Eating out "
  Liabilities:US:Chase:Slate                       -35.99 USD
  Expenses:Food:Restaurant                          35.99 USD

2016-12-06 * "Metro Transport Authority" "Tram tickets"
  Liabilities:US:Chase:Slate                      -120.00 USD
  Expenses:Transport:Tram                          120.00 USD

2016-12-07 * "Chase:Slate" "Paying off credit card"
  Liabilities:US:Chase:Slate                       417.40 USD
  Assets:US:BofA:Checking                         -417.40 USD

2016-12-08 * "Jewel of Morroco" "Eating out after work"
  Liabilities:US:Chase:Slate                       -38.21 USD
  Expenses:Food:Restaurant                          38.21 USD

2016-12-10 * "Farmer Fresh" "Buying groceries"
  Liabilities:US:Chase:Slate                       -89.19 USD
  Expenses:Food:Groceries                           89.19 USD

2016-12-13 * "Goba Goba" "Eating out with Joe"
  Liabilities:US:Chase:Slate                       -42.66 USD
  Expenses:Food:Restaurant                          42.66 USD

2016-12-17 * "Goba Goba" "Eating out with Natasha"
  Liabilities:US:Chase:Slate                       -41.37 USD
  Expenses:Food:Restaurant                          41.37 USD

2016-12-20 * "Onion Market" "Buying groceries"
  Liabilities:US:Chase:Slate                      -109.09 USD
  Expenses:Food:Groceries                          109.09 USD

2016-12-22 balance Liabilities:US:Chase:Slate    -2433.55 USD

2016-12-22 * "Kin Soy" "Eating out with Natasha"
  Liabilities:US:Chase:Slate                       -21.85 USD
  Expenses:Food:Restaurant                          21.85 USD

2016-12-25 * "China Garden" "Eating out alone"
  Liabilities:US:Chase:Slate                       -45.16 USD
  Expenses:Food:Restaurant                          45.16 USD

2016-12-27 * "Jewel of Morroco" "Eating out with work buddies"
  Liabilities:US:Chase:Slate                       -24.59 USD
  Expenses:Food:Restaurant                          24.59 USD

2016-12-29 * "Rose Flower" "Eating out with Bill"
  Liabilities:US:Chase:Slate                       -30.55 USD
  Expenses:Food:Restaurant                          30.55 USD

2017-01-01 * "Rose Flower" "Eating out with Natasha"
  Liabilities:US:Chase:Slate                       -20.86 USD
  Expenses:Food:Restaurant                          20.86 USD

2017-01-06 * "Cafe Modagor" "Eating out with Joe"
  Liabilities:US:Chase:Slate                       -25.14 USD
  Expenses:Food:Restaurant                          25.14 USD

2017-01-07 * "Metro Transport Authority" "Tram tickets"
  Liabilities:US:Chase:Slate                      -120.00 USD
  Expenses:Transport:Tram                          120.00 USD

2017-01-09 * "Farmer Fresh" "Buying groceries"
  Liabilities:US:Chase:Slate                      -104.30 USD
  Expenses:Food:Groceries                          104.30 USD

2017-01-09 * "Chase:Slate" "Paying off credit card"
  Liabilities:US:Chase:Slate                       674.76 USD
  Assets:US:BofA:Checking                         -674.76 USD

2017-01-10 * "Goba Goba" "Eating out after work"
  Liabilities:US:Chase:Slate                       -42.73 USD
  Expenses:Food:Restaurant                          42.73 USD

2017-01-12 * "Cafe Modagor" "Eating out with Bill"
  Liabilities:US:Chase:Slate                       -44.14 USD
  Expenses:Food:Restaurant                          44.14 USD

2017-01-13 balance Liabilities:US:Chase:Slate    -2238.11 USD

2017-01-17 * "Goba Goba" "Eating out with Julie"
  Liabilities:US:Chase:Slate                       -23.05 USD
  Expenses:Food:Restaurant                          23.05 USD

2017-01-18 * "Goba Goba" "Eating out "
  Liabilities:US:Chase:Slate                       -34.54 USD
  Expenses:Food:Restaurant                          34.54 USD

2017-01-23 * "Chichipotle" "Eating out with Joe"
  Liabilities:US:Chase:Slate                       -19.39 USD
  Expenses:Food:Restaurant                          19.39 USD

2017-01-26 * "Uncle Boons" "Eating out with Joe"
  Liabilities:US:Chase:Slate                       -18.66 USD
  Expenses:Food:Restaurant                          18.66 USD

2017-01-28 * "Chichipotle" "Eating out after work"
  Liabilities:US:Chase:Slate                       -60.04 USD
  Expenses:Food:Restaurant                          60.04 USD

2017-01-28 * "Farmer Fresh" "Buying groceries"
  Liabilities:US:Chase:Slate                       -85.10 USD
  Expenses:Food:Groceries                           85.10 USD

2017-01-29 * "Rose Flower" "Eating out with work buddies"
  Liabilities:US:Chase:Slate                       -12.26 USD
  Expenses:Food:Restaurant                          12.26 USD

2017-02-01 * "Rose Flower" "Eating out with work buddies"
  Liabilities:US:Chase:Slate                       -32.03 USD
  Expenses:Food:Restaurant                          32.03 USD

2017-02-02 * "Uncle Boons" "Eating out alone"
  Liabilities:US:Chase:Slate                       -17.99 USD
  Expenses:Food:Restaurant                          17.99 USD

2017-02-03 * "Metro Transport Authority" "Tram tickets"
  Liabilities:US:Chase:Slate                      -120.00 USD
  Expenses:Transport:Tram                          120.00 USD

2017-02-06 * "Jewel of Morroco" "Eating out "
  Liabilities:US:Chase:Slate                       -42.71 USD
  Expenses:Food:Restaurant                          42.71 USD

2017-02-07 * "Goba Goba" "Eating out with Joe"
  Liabilities:US:Chase:Slate                       -33.38 USD
  Expenses:Food:Restaurant                          33.38 USD

2017-02-08 * "Rose Flower" "Eating out with Julie"
  Liabilities:US:Chase:Slate                       -31.41 USD
  Expenses:Food:Restaurant                          31.41 USD

2017-02-08 * "Chase:Slate" "Paying off credit card"
  Liabilities:US:Chase:Slate                       617.43 USD
  Assets:US:BofA:Checking                         -617.43 USD

2017-02-09 * "Chichipotle" "Eating out with Joe"
  Liabilities:US:Chase:Slate                       -22.75 USD
  Expenses:Food:Restaurant                          22.75 USD

2017-02-10 * "Goba Goba" "Eating out with Natasha"
  Liabilities:US:Chase:Slate                       -26.07 USD
  Expenses:Food:Restaurant                          26.07 USD

2017-02-11 balance Liabilities:US:Chase:Slate    -2200.06 USD

2017-02-12 * "China Garden" "Eating out after work"
  Liabilities:US:Chase:Slate                       -23.39 USD
  Expenses:Food:Restaurant                          23.39 USD

2017-02-15 * "Chichipotle" "Eating out alone"
  Liabilities:US:Chase:Slate                       -30.93 USD
  Expenses:Food:Restaurant                          30.93 USD

2017-02-16 * "Farmer Fresh" "Buying groceries"
  Liabilities:US:Chase:Slate                       -74.63 USD
  Expenses:Food:Groceries                           74.63 USD

2017-02-18 * "Rose Flower" "Eating out with Natasha"
  Liabilities:US:Chase:Slate                       -20.90 USD
  Expenses:Food:Restaurant                          20.90 USD

2017-02-19 * "Chichipotle" "Eating out "
  Liabilities:US:Chase:Slate                       -31.05 USD
  Expenses:Food:Restaurant                          31.05 USD

2017-02-20 * "China Garden" "Eating out with work buddies"
  Liabilities:US:Chase:Slate                       -50.99 USD
  Expenses:Food:Restaurant                          50.99 USD

2017-02-25 * "Kin Soy" "Eating out after work"
  Liabilities:US:Chase:Slate                       -27.21 USD
  Expenses:Food:Restaurant                          27.21 USD

2017-02-27 * "Kin Soy" "Eating out with Bill"
  Liabilities:US:Chase:Slate                       -25.59 USD
  Expenses:Food:Restaurant                          25.59 USD

2017-03-01 * "Corner Deli" "Buying groceries"
  Liabilities:US:Chase:Slate                       -84.63 USD
  Expenses:Food:Groceries                           84.63 USD

2017-03-02 * "Kin Soy" "Eating out with Bill"
  Liabilities:US:Chase:Slate                       -18.71 USD
  Expenses:Food:Restaurant                          18.71 USD

2017-03-02 * "Metro Transport Authority" "Tram tickets"
  Liabilities:US:Chase:Slate                      -120.00 USD
  Expenses:Transport:Tram                          120.00 USD

2017-03-07 * "China Garden" "Eating out with Julie"
  Liabilities:US:Chase:Slate                       -18.60 USD
  Expenses:Food:Restaurant                          18.60 USD

2017-03-09 * "Rose Flower" "Eating out with Bill"
  Liabilities:US:Chase:Slate                       -11.71 USD
  Expenses:Food:Restaurant                          11.71 USD

2017-03-09 * "Good Moods Market" "Buying groceries"
  Liabilities:US:Chase:Slate                       -60.83 USD
  Expenses:Food:Groceries                           60.83 USD

2017-03-10 * "Chase:Slate" "Paying off credit card"
  Liabilities:US:Chase:Slate                       683.35 USD
  Assets:US:BofA:Checking                         -683.35 USD

2017-03-12 * "China Garden" "Eating out with Natasha"
  Liabilities:US:Chase:Slate                       -35.36 USD
  Expenses:Food:Restaurant                          35.36 USD

2017-03-13 balance Liabilities:US:Chase:Slate    -2151.24 USD

2017-03-14 * "Uncle Boons" "Eating out with Natasha"
  Liabilities:US:Chase:Slate                       -11.57 USD
  Expenses:Food:Restaurant                          11.57 USD

2017-03-17 * "Farmer Fresh" "Buying groceries"
  Liabilities:US:Chase:Slate                       -75.89 USD
  Expenses:Food:Groceries                           75.89 USD

2017-03-19 * "Goba Goba" "Eating out alone"
  Liabilities:US:Chase:Slate                       -27.01 USD
  Expenses:Food:Restaurant                          27.01 USD

2017-03-20 event "location" "San Francisco"

2017-03-21 * "Bar Crudo" "" #trip-san-francisco-2017
  Liabilities:US:Chase:Slate                       -67.68 USD
  Expenses:Food:Restaurant                          67.68 USD

2017-03-21 * "Waterbar" "" #trip-san-francisco-2017
  Liabilities:US:Chase:Slate                       -53.73 USD
  Expenses:Food:Restaurant                          53.73 USD

2017-03-21 * "Mission Chinese Food" "" #trip-san-francisco-2017
  Liabilities:US:Chase:Slate                       -25.31 USD
  Expenses:Food:Restaurant                          25.31 USD

2017-03-22 * "Mission Chinese Food" "" #trip-san-francisco-2017
  Liabilities:US:Chase:Slate                       -19.36 USD
  Expenses:Food:Restaurant                          19.36 USD

2017-03-23 * "Waterbar" "" #trip-san-francisco-2017
  Liabilities:US:Chase:Slate                       -41.25 USD
  Expenses:Food:Restaurant                          41.25 USD

2017-03-23 * "Mission Chinese Food" "" #trip-san-francisco-2017
  Liabilities:US:Chase:Slate                       -26.74 USD
  Expenses:Food:Restaurant                          26.74 USD

2017-03-23 * "Starbucks" "" #trip-san-francisco-2017
  Liabilities:US:Chase:Slate                        -5.22 USD
  Expenses:Food:Coffee                               5.22 USD

2017-03-24 * "Pizza Delfina" "" #trip-san-francisco-2017
  Liabilities:US:Chase:Slate                       -18.80 USD
  Expenses:Food:Restaurant                          18.80 USD

2017-03-25 * "Bar Crudo" "" #trip-san-francisco-2017
  Liabilities:US:Chase:Slate                       -72.72 USD
  Expenses:Food:Restaurant                          72.72 USD

2017-03-26 * "Waterbar" "" #trip-san-francisco-2017
  Liabilities:US:Chase:Slate                       -55.39 USD
  Expenses:Food:Restaurant                          55.39 USD

2017-03-26 * "Starbucks" "" #trip-san-francisco-2017
  Liabilities:US:Chase:Slate                        -5.62 USD
  Expenses:Food:Coffee                               5.62 USD

2017-03-27 * "Mission Chinese Food" "" #trip-san-francisco-2017
  Liabilities:US:Chase:Slate                       -29.41 USD
  Expenses:Food:Restaurant                          29.41 USD

2017-03-28 * "Waterbar" "" #trip-san-francisco-2017
  Liabilities:US:Chase:Slate                       -57.06 USD
  Expenses:Food:Restaurant                          57.06 USD

2017-03-29 * "Pizza Delfina" "" #trip-san-francisco-2017
  Liabilities:US:Chase:Slate                       -17.02 USD
  Expenses:Food:Restaurant                          17.02 USD

2017-03-29 * "Mission Chinese Food" "" #trip-san-francisco-2017
  Liabilities:US:Chase:Slate                       -24.95 USD
  Expenses:Food:Restaurant                          24.95 USD

2017-03-29 * "Consume vacation days"
  Assets:US:Babble:Vacation                           -72 VACHR
  Expenses:Vacation                                    72 VACHR

2017-03-29 event "location" "New Metropolis"

2017-03-31 * "Metro Transport Authority" "Tram tickets"
  Liabilities:US:Chase:Slate                      -120.00 USD
  Expenses:Transport:Tram                          120.00 USD

2017-04-01 * "Uncle Boons" "Eating out with Julie"
  Liabilities:US:Chase:Slate                       -24.22 USD
  Expenses:Food:Restaurant                          24.22 USD

2017-04-05 * "Jewel of Morroco" "Eating out after work"
  Liabilities:US:Chase:Slate                       -56.27 USD
  Expenses:Food:Restaurant                          56.27 USD

2017-04-05 * "Farmer Fresh" "Buying groceries"
  Liabilities:US:Chase:Slate                      -103.93 USD
  Expenses:Food:Groceries                          103.93 USD

2017-04-07 balance Liabilities:US:Chase:Slate    -3090.39 USD

2017-04-07 * "Kin Soy" "Eating out with Joe"
  Liabilities:US:Chase:Slate                       -27.16 USD
  Expenses:Food:Restaurant                          27.16 USD

2017-04-07 * "Chase:Slate" "Paying off credit card"
  Liabilities:US:Chase:Slate                       446.05 USD
  Assets:US:BofA:Checking                         -446.05 USD

2017-04-11 * "Jewel of Morroco" "Eating out alone"
  Liabilities:US:Chase:Slate                       -35.95 USD
  Expenses:Food:Restaurant                          35.95 USD

2017-04-14 * "Cafe Modagor" "Eating out "
  Liabilities:US:Chase:Slate                       -22.24 USD
  Expenses:Food:Restaurant                          22.24 USD

2017-04-15 * "Corner Deli" "Buying groceries"
  Liabilities:US:Chase:Slate                       -73.16 USD
  Expenses:Food:Groceries                           73.16 USD

2017-04-19 * "Goba Goba" "Eating out "
  Liabilities:US:Chase:Slate                       -40.09 USD
  Expenses:Food:Restaurant                          40.09 USD

2017-04-20 * "Cafe Modagor" "Eating out with Bill"
  Liabilities:US:Chase:Slate                       -21.89 USD
  Expenses:Food:Restaurant                          21.89 USD

2017-04-21 * "Jewel of Morroco" "Eating out with Natasha"
  Liabilities:US:Chase:Slate                       -29.34 USD
  Expenses:Food:Restaurant                          29.34 USD

2017-04-23 * "Corner Deli" "Buying groceries"
  Liabilities:US:Chase:Slate                      -107.06 USD
  Expenses:Food:Groceries                          107.06 USD

2017-04-26 * "Chichipotle" "Eating out after work"
  Liabilities:US:Chase:Slate                       -27.48 USD
  Expenses:Food:Restaurant                          27.48 USD

2017-04-28 * "Uncle Boons" "Eating out after work"
  Liabilities:US:Chase:Slate                       -18.84 USD
  Expenses:Food:Restaurant                          18.84 USD

2017-05-01 * "Cafe Modagor" "Eating out with Natasha"
  Liabilities:US:Chase:Slate                       -23.49 USD
  Expenses:Food:Restaurant                          23.49 USD

2017-05-02 balance Liabilities:US:Chase:Slate    -3071.04 USD

2017-05-02 * "Metro Transport Authority" "Tram tickets"
  Liabilities:US:Chase:Slate                      -120.00 USD
  Expenses:Transport:Tram                          120.00 USD

2017-05-03 * "Uncle Boons" "Eating out with Natasha"
  Liabilities:US:Chase:Slate                       -55.30 USD
  Expenses:Food:Restaurant                          55.30 USD

2017-05-06 * "Chichipotle" "Eating out with Joe"
  Liabilities:US:Chase:Slate                       -17.69 USD
  Expenses:Food:Restaurant                          17.69 USD

2017-05-06 * "Corner Deli" "Buying groceries"
  Liabilities:US:Chase:Slate                       -66.44 USD
  Expenses:Food:Groceries                           66.44 USD

2017-05-10 * "China Garden" "Eating out with Julie"
  Liabilities:US:Chase:Slate                       -17.25 USD
  Expenses:Food:Restaurant                          17.25 USD

2017-05-11 * "Chase:Slate" "Paying off credit card"
  Liabilities:US:Chase:Slate                       712.61 USD
  Assets:US:BofA:Checking                         -712.61 USD

2017-05-13 * "Uncle Boons" "Eating out "
  Liabilities:US:Chase:Slate                       -36.39 USD
  Expenses:Food:Restaurant                          36.39 USD

2017-05-14 * "Corner Deli" "Buying groceries"
  Liabilities:US:Chase:Slate                       -51.23 USD
  Expenses:Food:Groceries                           51.23 USD

2017-05-18 * "Kin Soy" "Eating out after work"
  Liabilities:US:Chase:Slate                       -18.96 USD
  Expenses:Food:Restaurant                          18.96 USD

2017-05-22 * "Jewel of Morroco" "Eating out after work"
  Liabilities:US:Chase:Slate                       -22.99 USD
  Expenses:Food:Restaurant                          22.99 USD

2017-05-24 * "China Garden" "Eating out with Joe"
  Liabilities:US:Chase:Slate                       -27.12 USD
  Expenses:Food:Restaurant                          27.12 USD

2017-05-25 balance Liabilities:US:Chase:Slate    -2791.80 USD

2017-05-28 * "China Garden" "Eating out after work"
  Liabilities:US:Chase:Slate                       -28.20 USD
  Expenses:Food:Restaurant                          28.20 USD

2017-05-30 * "Jewel of Morroco" "Eating out with Julie"
  Liabilities:US:Chase:Slate                       -27.15 USD
  Expenses:Food:Restaurant                          27.15 USD

2017-06-01 * "Farmer Fresh" "Buying groceries"
  Liabilities:US:Chase:Slate                       -76.18 USD
  Expenses:Food:Groceries                           76.18 USD

2017-06-01 * "Metro Transport Authority" "Tram tickets"
  Liabilities:US:Chase:Slate                      -120.00 USD
  Expenses:Transport:Tram                          120.00 USD

2017-06-04 * "Uncle Boons" "Eating out with Joe"
  Liabilities:US:Chase:Slate                       -18.59 USD
  Expenses:Food:Restaurant                          18.59 USD

2017-06-05 * "Kin Soy" "Eating out with Natasha"
  Liabilities:US:Chase:Slate                       -26.60 USD
  Expenses:Food:Restaurant                          26.60 USD

2017-06-08 * "Uncle Boons" "Eating out after work"
  Liabilities:US:Chase:Slate                       -42.71 USD
  Expenses:Food:Restaurant                          42.71 USD

2017-06-08 * "Farmer Fresh" "Buying groceries"
  Liabilities:US:Chase:Slate                       -76.67 USD
  Expenses:Food:Groceries                           76.67 USD

2017-06-10 * "Chase:Slate" "Paying off credit card"
  Liabilities:US:Chase:Slate                       601.88 USD
  Assets:US:BofA:Checking                         -601.88 USD

2017-06-11 * "Chichipotle" "Eating out with work buddies"
  Liabilities:US:Chase:Slate                       -65.48 USD
  Expenses:Food:Restaurant                          65.48 USD

2017-06-13 * "Farmer Fresh" "Buying groceries"
  Liabilities:US:Chase:Slate                      -101.42 USD
  Expenses:Food:Groceries                          101.42 USD

2017-06-15 balance Liabilities:US:Chase:Slate    -2772.92 USD

2017-06-16 * "Rose Flower" "Eating out with work buddies"
  Liabilities:US:Chase:Slate                       -25.60 USD
  Expenses:Food:Restaurant                          25.60 USD

2017-06-20 * "Jewel of Morroco" "Eating out after work"
  Liabilities:US:Chase:Slate                       -52.18 USD
  Expenses:Food:Restaurant                          52.18 USD

2017-06-22 * "Rose Flower" "Eating out alone"
  Liabilities:US:Chase:Slate                       -31.11 USD
  Expenses:Food:Restaurant                          31.11 USD

2017-06-23 * "Jewel of Morroco" "Eating out with Julie"
  Liabilities:US:Chase:Slate                       -31.60 USD
  Expenses:Food:Restaurant                          31.60 USD

2017-06-25 * "Good Moods Market" "Buying groceries"
  Liabilities:US:Chase:Slate                       -89.60 USD
  Expenses:Food:Groceries                           89.60 USD

2017-06-26 * "Goba Goba" "Eating out with Natasha"
  Liabilities:US:Chase:Slate                       -26.62 USD
  Expenses:Food:Restaurant                          26.62 USD

2017-07-01 * "China Garden" "Eating out alone"
  Liabilities:US:Chase:Slate                       -14.16 USD
  Expenses:Food:Restaurant                          14.16 USD

2017-07-02 * "Farmer Fresh" "Buying groceries"
  Liabilities:US:Chase:Slate                       -86.34 USD
  Expenses:Food:Groceries                           86.34 USD

2017-07-02 * "Metro Transport Authority" "Tram tickets"
  Liabilities:US:Chase:Slate                      -120.00 USD
  Expenses:Transport:Tram                          120.00 USD

2017-07-06 * "Uncle Boons" "Eating out with Bill"
  Liabilities:US:Chase:Slate                       -78.00 USD
  Expenses:Food:Restaurant                          78.00 USD

2017-07-10 * "Chichipotle" "Eating out with Joe"
  Liabilities:US:Chase:Slate                       -38.77 USD
  Expenses:Food:Restaurant                          38.77 USD

2017-07-11 * "Chase:Slate" "Paying off credit card"
  Liabilities:US:Chase:Slate                       723.06 USD
  Assets:US:BofA:Checking                         -723.06 USD

2017-07-15 balance Liabilities:US:Chase:Slate    -2643.84 USD

2017-07-15 * "Cafe Modagor" "Eating out with Natasha"
  Liabilities:US:Chase:Slate                       -27.66 USD
  Expenses:Food:Restaurant                          27.66 USD

2017-07-16 * "Good Moods Market" "Buying groceries"
  Liabilities:US:Chase:Slate                       -91.82 USD
  Expenses:Food:Groceries                           91.82 USD

2017-07-20 * "Jewel of Morroco" "Eating out alone"
  Liabilities:US:Chase:Slate                       -66.19 USD
  Expenses:Food:Restaurant                          66.19 USD

2017-07-23 * "Cafe Modagor" "Eating out after work"
  Liabilities:US:Chase:Slate                       -15.10 USD
  Expenses:Food:Restaurant                          15.10 USD

2017-07-26 * "China Garden" "Eating out "
  Liabilities:US:Chase:Slate                       -20.90 USD
  Expenses:Food:Restaurant                          20.90 USD

2017-07-29 * "Uncle Boons" "Eating out with Natasha"
  Liabilities:US:Chase:Slate                       -34.58 USD
  Expenses:Food:Restaurant                          34.58 USD

2017-07-30 * "Good Moods Market" "Buying groceries"
  Liabilities:US:Chase:Slate                       -67.00 USD
  Expenses:Food:Groceries                           67.00 USD

2017-07-31 * "Cafe Modagor" "Eating out with Natasha"
  Liabilities:US:Chase:Slate                       -59.36 USD
  Expenses:Food:Restaurant                          59.36 USD

2017-08-01 * "Rose Flower" "Eating out after work"
  Liabilities:US:Chase:Slate                       -35.45 USD
  Expenses:Food:Restaurant                          35.45 USD

2017-08-04 balance Liabilities:US:Chase:Slate    -3061.90 USD

2017-08-04 * "Metro Transport Authority" "Tram tickets"
  Liabilities:US:Chase:Slate                      -120.00 USD
  Expenses:Transport:Tram                          120.00 USD

2017-08-06 * "Kin Soy" "Eating out with Natasha"
  Liabilities:US:Chase:Slate                       -58.69 USD
  Expenses:Food:Restaurant                          58.69 USD

2017-08-10 * "China Garden" "Eating out with Joe"
  Liabilities:US:Chase:Slate                      -150.46 USD
  Expenses:Food:Restaurant                         150.46 USD

2017-08-10 * "Chase:Slate" "Paying off credit card"
  Liabilities:US:Chase:Slate                       719.55 USD
  Assets:US:BofA:Checking                         -719.55 USD

2017-08-11 * "Cafe Modagor" "Eating out with Bill"
  Liabilities:US:Chase:Slate                       -22.88 USD
  Expenses:Food:Restaurant                          22.88 USD

2017-08-13 * "Uncle Boons" "Eating out with work buddies"
  Liabilities:US:Chase:Slate                       -30.41 USD
  Expenses:Food:Restaurant                          30.41 USD

2017-08-15 * "Cafe Modagor" "Eating out with Julie"
  Liabilities:US:Chase:Slate                       -33.94 USD
  Expenses:Food:Restaurant                          33.94 USD

2017-08-16 * "Rose Flower" "Eating out after work"
  Liabilities:US:Chase:Slate                       -42.89 USD
  Expenses:Food:Restaurant                          42.89 USD

2017-08-17 * "Onion Market" "Buying groceries"
  Liabilities:US:Chase:Slate                       -82.15 USD
  Expenses:Food:Groceries                           82.15 USD

2017-08-19 * "Rose Flower" "Eating out alone"
  Liabilities:US:Chase:Slate                       -70.03 USD
  Expenses:Food:Restaurant                          70.03 USD

2017-08-21 * "Chichipotle" "Eating out with Joe"
  Liabilities:US:Chase:Slate                       -23.30 USD
  Expenses:Food:Restaurant                          23.30 USD

2017-08-22 * "Jewel of Morroco" "Eating out with Julie"
  Liabilities:US:Chase:Slate                       -39.62 USD
  Expenses:Food:Restaurant                          39.62 USD

2017-08-26 * "Jewel of Morroco" "Eating out alone"
  Liabilities:US:Chase:Slate                       -24.32 USD
  Expenses:Food:Restaurant                          24.32 USD

2017-08-30 balance Liabilities:US:Chase:Slate    -3041.04 USD

2017-08-30 event "location" "New York"

2017-08-31 * "Uncle Boons" "" #trip-new-york-2017
  Liabilities:US:Chase:Slate                       -41.43 USD
  Expenses:Food:Restaurant                          41.43 USD

2017-08-31 * "Takahachi" "" #trip-new-york-2017
  Liabilities:US:Chase:Slate                       -54.55 USD
  Expenses:Food:Restaurant                          54.55 USD

2017-09-01 * "Uncle Boons" "" #trip-new-york-2017
  Liabilities:US:Chase:Slate                       -45.15 USD
  Expenses:Food:Restaurant                          45.15 USD

2017-09-02 * "Uncle Boons" "" #trip-new-york-2017
  Liabilities:US:Chase:Slate                       -41.72 USD
  Expenses:Food:Restaurant                          41.72 USD

2017-09-03 * "Cafe Select" "" #trip-new-york-2017
  Liabilities:US:Chase:Slate                       -26.87 USD
  Expenses:Food:Restaurant                          26.87 USD

2017-09-03 * "La Colombe" "" #trip-new-york-2017
  Liabilities:US:Chase:Slate                        -6.06 USD
  Expenses:Food:Coffee                               6.06 USD

2017-09-04 * "La Colombe" "" #trip-new-york-2017
  Liabilities:US:Chase:Slate                        -7.21 USD
  Expenses:Food:Coffee                               7.21 USD

2017-09-04 * "Gimme! Coffee" "" #trip-new-york-2017
  Liabilities:US:Chase:Slate                        -7.89 USD
  Expenses:Food:Coffee                               7.89 USD

2017-09-05 * "Laut" "" #trip-new-york-2017
  Liabilities:US:Chase:Slate                       -28.53 USD
  Expenses:Food:Restaurant                          28.53 USD

2017-09-05 * "Gimme! Coffee" "" #trip-new-york-2017
  Liabilities:US:Chase:Slate                        -7.15 USD
  Expenses:Food:Coffee                               7.15 USD

2017-09-06 * "Takahachi" "" #trip-new-york-2017
  Liabilities:US:Chase:Slate                       -51.02 USD
  Expenses:Food:Restaurant                          51.02 USD

2017-09-06 * "La Colombe" "" #trip-new-york-2017
  Liabilities:US:Chase:Slate                        -4.51 USD
  Expenses:Food:Coffee                               4.51 USD

2017-09-06 * "Gimme! Coffee" "" #trip-new-york-2017
  Liabilities:US:Chase:Slate                        -5.31 USD
  Expenses:Food:Coffee                               5.31 USD

2017-09-07 * "Uncle Boons" "" #trip-new-york-2017
  Liabilities:US:Chase:Slate                       -33.10 USD
  Expenses:Food:Restaurant                          33.10 USD

2017-09-07 * "Gimme! Coffee" "" #trip-new-york-2017
  Liabilities:US:Chase:Slate                        -5.58 USD
  Expenses:Food:Coffee                               5.58 USD

2017-09-08 * "Cafe Select" "" #trip-new-york-2017
  Liabilities:US:Chase:Slate                       -30.69 USD
  Expenses:Food:Restaurant                          30.69 USD

2017-09-08 * "Chase:Slate" "Paying off credit card"
  Liabilities:US:Chase:Slate                       412.33 USD
  Assets:US:BofA:Checking                         -412.33 USD

2017-09-09 * "Uncle Boons" "" #trip-new-york-2017
  Liabilities:US:Chase:Slate                       -39.56 USD
  Expenses:Food:Restaurant                          39.56 USD

2017-09-11 * "Cafe Select" "" #trip-new-york-2017
  Liabilities:US:Chase:Slate                       -31.99 USD
  Expenses:Food:Restaurant                          31.99 USD

2017-09-11 * "La Colombe" "" #trip-new-york-2017
  Liabilities:US:Chase:Slate                        -5.75 USD
  Expenses:Food:Coffee                               5.75 USD

2017-09-12 * "Cafe Select" "" #trip-new-york-2017
  Liabilities:US:Chase:Slate                       -28.34 USD
  Expenses:Food:Restaurant                          28.34 USD

2017-09-12 * "La Colombe" "" #trip-new-york-2017
  Liabilities:US:Chase:Slate                        -6.08 USD
  Expenses:Food:Coffee                               6.08 USD

2017-09-12 * "Gimme! Coffee" "" #trip-new-york-2017
  Liabilities:US:Chase:Slate                        -6.64 USD
  Expenses:Food:Coffee                               6.64 USD

2017-09-13 * "Uncle Boons" "" #trip-new-york-2017
  Liabilities:US:Chase:Slate                       -35.61 USD
  Expenses:Food:Restaurant                          35.61 USD

2017-09-14 * "La Colombe" "" #trip-new-york-2017
  Liabilities:US:Chase:Slate                        -7.60 USD
  Expenses:Food:Coffee                               7.60 USD

2017-09-14 * "Gimme! Coffee" "" #trip-new-york-2017
  Liabilities:US:Chase:Slate                        -8.14 USD
  Expenses:Food:Coffee                               8.14 USD

2017-09-15 * "Takahachi" "" #trip-new-york-2017
  Liabilities:US:Chase:Slate                       -50.74 USD
  Expenses:Food:Restaurant                          50.74 USD

2017-09-16 * "Uncle Boons" "" #trip-new-york-2017
  Liabilities:US:Chase:Slate                       -46.66 USD
  Expenses:Food:Restaurant                          46.66 USD

2017-09-16 * "Cafe Select" "" #trip-new-york-2017
  Liabilities:US:Chase:Slate                       -32.58 USD
  Expenses:Food:Restaurant                          32.58 USD

2017-09-16 * "La Colombe" "" #trip-new-york-2017
  Liabilities:US:Chase:Slate                        -5.76 USD
  Expenses:Food:Coffee                               5.76 USD

2017-09-16 * "Gimme! Coffee" "" #trip-new-york-2017
  Liabilities:US:Chase:Slate                        -5.04 USD
  Expenses:Food:Coffee                               5.04 USD

2017-09-16 * "Consume vacation days"
  Assets:US:Babble:Vacation                          -136 VACHR
  Expenses:Vacation                                   136 VACHR

2017-09-16 event "location" "New Metropolis"

2017-09-17 * "Jewel of Morroco" "Eating out with Joe"
  Liabilities:US:Chase:Slate                       -42.79 USD
  Expenses:Food:Restaurant                          42.79 USD

2017-09-19 balance Liabilities:US:Chase:Slate    -3378.76 USD

2017-09-19 * "Kin Soy" "Eating out with Joe"
  Liabilities:US:Chase:Slate                       -45.89 USD
  Expenses:Food:Restaurant                          45.89 USD

2017-09-23 * "Corner Deli" "Buying groceries"
  Liabilities:US:Chase:Slate                       -58.32 USD
  Expenses:Food:Groceries                           58.32 USD

2017-09-24 * "Jewel of Morroco" "Eating out with Joe"
  Liabilities:US:Chase:Slate                       -39.72 USD
  Expenses:Food:Restaurant                          39.72 USD

2017-09-27 * "Kin Soy" "Eating out with Bill"
  Liabilities:US:Chase:Slate                       -22.82 USD
  Expenses:Food:Restaurant                          22.82 USD

2017-09-30 * "Cafe Modagor" "Eating out alone"
  Liabilities:US:Chase:Slate                       -39.83 USD
  Expenses:Food:Restaurant                          39.83 USD

2017-09-30 * "Metro Transport Authority" "Tram tickets"
  Liabilities:US:Chase:Slate                      -120.00 USD
  Expenses:Transport:Tram                          120.00 USD

2017-10-02 * "Jewel of Morroco" "Eating out "
  Liabilities:US:Chase:Slate                       -21.48 USD
  Expenses:Food:Restaurant                          21.48 USD

2017-10-03 * "China Garden" "Eating out after work"
  Liabilities:US:Chase:Slate                       -13.55 USD
  Expenses:Food:Restaurant                          13.55 USD

2017-10-08 * "Uncle Boons" "Eating out "
  Liabilities:US:Chase:Slate                       -36.72 USD
  Expenses:Food:Restaurant                          36.72 USD

2017-10-09 * "Chichipotle" "Eating out "
  Liabilities:US:Chase:Slate                       -26.30 USD
  Expenses:Food:Restaurant                          26.30 USD

2017-10-09 * "Onion Market" "Buying groceries"
  Liabilities:US:Chase:Slate                       -80.64 USD
  Expenses:Food:Groceries                           80.64 USD

2017-10-09 * "Chase:Slate" "Paying off credit card"
  Liabilities:US:Chase:Slate                       424.63 USD
  Assets:US:BofA:Checking                         -424.63 USD

2017-10-12 * "Chichipotle" "Eating out with Joe"
  Liabilities:US:Chase:Slate                       -31.29 USD
  Expenses:Food:Restaurant                          31.29 USD

2017-10-15 * "Kin Soy" "Eating out alone"
  Liabilities:US:Chase:Slate                       -27.05 USD
  Expenses:Food:Restaurant                          27.05 USD

2017-10-18 balance Liabilities:US:Chase:Slate    -3517.74 USD

2017-10-18 * "Rose Flower" "Eating out with work buddies"
  Liabilities:US:Chase:Slate                       -27.06 USD
  Expenses:Food:Restaurant                          27.06 USD

2017-10-21 * "Kin Soy" "Eating out with Natasha"
  Liabilities:US:Chase:Slate                       -47.29 USD
  Expenses:Food:Restaurant                          47.29 USD

2017-10-23 * "Chichipotle" "Eating out with Joe"
  Liabilities:US:Chase:Slate                       -54.39 USD
  Expenses:Food:Restaurant                          54.39 USD

2017-10-24 * "Corner Deli" "Buying groceries"
  Liabilities:US:Chase:Slate                       -78.97 USD
  Expenses:Food:Groceries                           78.97 USD

2017-10-26 * "Rose Flower" "Eating out with Natasha"
  Liabilities:US:Chase:Slate                       -22.92 USD
  Expenses:Food:Restaurant                          22.92 USD

2017-10-29 * "Kin Soy" "Eating out after work"
  Liabilities:US:Chase:Slate                       -22.24 USD
  Expenses:Food:Restaurant                          22.24 USD

2017-10-30 * "Onion Market" "Buying groceries"
  Liabilities:US:Chase:Slate                      -125.82 USD
  Expenses:Food:Groceries                          125.82 USD

2017-10-30 * "Metro Transport Authority" "Tram tickets"
  Liabilities:US:Chase:Slate                      -120.00 USD
  Expenses:Transport:Tram                          120.00 USD

2017-11-02 * "China Garden" "Eating out with Joe"
  Liabilities:US:Chase:Slate                       -55.00 USD
  Expenses:Food:Restaurant                          55.00 USD

2017-11-07 * "Goba Goba" "Eating out with Bill"
  Liabilities:US:Chase:Slate                       -32.23 USD
  Expenses:Food:Restaurant                          32.23 USD

2017-11-11 balance Liabilities:US:Chase:Slate    -4103.66 USD

2017-11-11 * "China Garden" "Eating out with Bill"
  Liabilities:US:Chase:Slate                       -40.47 USD
  Expenses:Food:Restaurant                          40.47 USD



* Taxable Investments

2015-01-01 open Assets:US:ETrade:Cash                       USD
2015-01-01 open Assets:US:ETrade:ITOT                       ITOT
2015-01-01 open Assets:US:ETrade:VEA                       VEA
2015-01-01 open Assets:US:ETrade:VHT                       VHT
2015-01-01 open Assets:US:ETrade:GLD                       GLD
2015-01-01 open Income:US:ETrade:Gains                      USD
2015-01-01 open Income:US:ETrade:Dividends                  USD

2015-09-14 * "Buy shares of ITOT"
  Assets:US:ETrade:Cash                          -4352.25 USD                          
  Assets:US:ETrade:ITOT                                26 ITOT {167.05 USD, 2015-09-14}
  Expenses:Financial:Commissions                     8.95 USD                          

2015-09-18 * "Dividends on portfolio"
  Assets:US:ETrade:Cash                             17.37 USD
  Income:US:ETrade:Dividends                       -17.37 USD

2015-11-11 * "Buy shares of VEA"
  Assets:US:ETrade:Cash                          -1782.79 USD                         
  Assets:US:ETrade:VEA                                 19 VEA {93.36 USD, 2015-11-11}
  Expenses:Financial:Commissions                     8.95 USD                         

2015-11-11 * "Buy shares of VHT"
  Assets:US:ETrade:Cash                          -1752.07 USD                          
  Assets:US:ETrade:VHT                                 12 VHT {145.26 USD, 2015-11-11}
  Expenses:Financial:Commissions                     8.95 USD                          

2015-11-16 * "Sell shares of VHT"
  Assets:US:ETrade:VHT                                -12 VHT {145.26 USD, 2015-11-11} @ 145.85 USD
  Assets:US:ETrade:Cash                           1741.25 USD                                       
  Expenses:Financial:Commissions                     8.95 USD                                       
  Income:US:ETrade:Gains                            -7.08 USD                                       

2015-12-08 * "Buy shares of VEA"
  Assets:US:ETrade:Cash                          -1722.55 USD                         
  Assets:US:ETrade:VEA                                 18 VEA {95.20 USD, 2015-12-08}
  Expenses:Financial:Commissions                     8.95 USD                         

2015-12-17 * "Dividends on portfolio"
  Assets:US:ETrade:Cash                             38.30 USD
  Income:US:ETrade:Dividends                       -38.30 USD

2016-01-09 * "Sell shares of ITOT"
  Assets:US:ETrade:ITOT                               -26 ITOT {167.05 USD, 2015-09-14} @ 171.75 USD
  Assets:US:ETrade:Cash                           4456.55 USD                                       
  Expenses:Financial:Commissions                     8.95 USD                                       
  Income:US:ETrade:Gains                          -122.20 USD                                       

2016-02-28 * "Buy shares of GLD"
  Assets:US:ETrade:Cash                          -4458.37 USD                         
  Assets:US:ETrade:GLD                                 57 GLD {78.06 USD, 2016-02-28}
  Expenses:Financial:Commissions                     8.95 USD                         

2016-03-17 * "Dividends on portfolio"
  Assets:US:ETrade:Cash                             56.09 USD
  Income:US:ETrade:Dividends                       -56.09 USD

2016-06-17 * "Dividends on portfolio"
  Assets:US:ETrade:Cash                             56.09 USD
  Income:US:ETrade:Dividends                       -56.09 USD

2016-08-18 * "Buy shares of VEA"
  Assets:US:ETrade:Cash                          -1988.75 USD                         
  Assets:US:ETrade:VEA                                 20 VEA {98.99 USD, 2016-08-18}
  Expenses:Financial:Commissions                     8.95 USD                         

2016-08-18 * "Buy shares of ITOT"
  Assets:US:ETrade:Cash                          -1842.54 USD                          
  Assets:US:ETrade:ITOT                                11 ITOT {166.69 USD, 2016-08-18}
  Expenses:Financial:Commissions                     8.95 USD                          

2016-09-17 * "Dividends on portfolio"
  Assets:US:ETrade:Cash                             71.35 USD
  Income:US:ETrade:Dividends                       -71.35 USD

2016-10-08 * "Buy shares of VHT"
  Assets:US:ETrade:Cash                          -1352.83 USD                          
  Assets:US:ETrade:VHT                                  9 VHT {149.32 USD, 2016-10-08}
  Expenses:Financial:Commissions                     8.95 USD                          

2016-10-08 * "Buy shares of GLD"
  Assets:US:ETrade:Cash                          -1407.83 USD                         
  Assets:US:ETrade:GLD                                 16 GLD {87.43 USD, 2016-10-08}
  Expenses:Financial:Commissions                     8.95 USD                         

2016-10-08 * "Buy shares of ITOT"
  Assets:US:ETrade:Cash                          -1272.47 USD                          
  Assets:US:ETrade:ITOT                                 8 ITOT {157.94 USD, 2016-10-08}
  Expenses:Financial:Commissions                     8.95 USD                          

2016-10-11 * "Sell shares of ITOT"
  Assets:US:ETrade:ITOT                               -11 ITOT {166.69 USD, 2016-08-18} @ 157.94 USD
  Assets:US:ETrade:Cash                           1728.39 USD                                       
  Expenses:Financial:Commissions                     8.95 USD                                       
  Income:US:ETrade:Gains                            96.25 USD                                       

2016-10-15 * "Buy shares of GLD"
  Assets:US:ETrade:Cash                           -357.75 USD                         
  Assets:US:ETrade:GLD                                  4 GLD {87.20 USD, 2016-10-15}
  Expenses:Financial:Commissions                     8.95 USD                         

2016-10-15 * "Buy shares of ITOT"
  Assets:US:ETrade:Cash                           -319.97 USD                          
  Assets:US:ETrade:ITOT                                 2 ITOT {155.51 USD, 2016-10-15}
  Expenses:Financial:Commissions                     8.95 USD                          

2016-10-15 * "Buy shares of VHT"
  Assets:US:ETrade:Cash                           -310.65 USD                          
  Assets:US:ETrade:VHT                                  2 VHT {150.85 USD, 2016-10-15}
  Expenses:Financial:Commissions                     8.95 USD                          

2016-10-15 * "Buy shares of VEA"
  Assets:US:ETrade:Cash                           -310.81 USD                          
  Assets:US:ETrade:VEA                                  3 VEA {100.62 USD, 2016-10-15}
  Expenses:Financial:Commissions                     8.95 USD                          

2016-11-24 * "Buy shares of ITOT"
  Assets:US:ETrade:Cash                           -921.85 USD                          
  Assets:US:ETrade:ITOT                                 6 ITOT {152.15 USD, 2016-11-24}
  Expenses:Financial:Commissions                     8.95 USD                          

2016-11-24 * "Buy shares of GLD"
  Assets:US:ETrade:Cash                           -941.25 USD                         
  Assets:US:ETrade:GLD                                 10 GLD {93.23 USD, 2016-11-24}
  Expenses:Financial:Commissions                     8.95 USD                         

2016-11-24 * "Buy shares of VHT"
  Assets:US:ETrade:Cash                           -906.73 USD                          
  Assets:US:ETrade:VHT                                  6 VHT {149.63 USD, 2016-11-24}
  Expenses:Financial:Commissions                     8.95 USD                          

2016-11-24 * "Buy shares of VEA"
  Assets:US:ETrade:Cash                           -969.79 USD                          
  Assets:US:ETrade:VEA                                  9 VEA {106.76 USD, 2016-11-24}
  Expenses:Financial:Commissions                     8.95 USD                          

2016-12-17 * "Dividends on portfolio"
  Assets:US:ETrade:Cash                            107.24 USD
  Income:US:ETrade:Dividends                      -107.24 USD

2017-01-19 * "Sell shares of GLD"
  Assets:US:ETrade:GLD                                -10 GLD {93.23 USD, 2016-11-24} @ 87.26 USD
  Assets:US:ETrade:Cash                            863.65 USD                                     
  Expenses:Financial:Commissions                     8.95 USD                                     
  Income:US:ETrade:Gains                            59.70 USD                                     

2017-02-03 * "Buy shares of GLD"
  Assets:US:ETrade:Cash                           -355.23 USD                         
  Assets:US:ETrade:GLD                                  4 GLD {86.57 USD, 2017-02-03}
  Expenses:Financial:Commissions                     8.95 USD                         

2017-02-03 * "Buy shares of VHT"
  Assets:US:ETrade:Cash                           -331.39 USD                          
  Assets:US:ETrade:VHT                                  2 VHT {161.22 USD, 2017-02-03}
  Expenses:Financial:Commissions                     8.95 USD                          

2017-02-03 * "Buy shares of VEA"
  Assets:US:ETrade:Cash                           -363.04 USD                          
  Assets:US:ETrade:VEA                                  3 VEA {118.03 USD, 2017-02-03}
  Expenses:Financial:Commissions                     8.95 USD                          

2017-03-18 * "Dividends on portfolio"
  Assets:US:ETrade:Cash                            111.33 USD
  Income:US:ETrade:Dividends                      -111.33 USD

2017-05-21 * "Sell shares of GLD"
  Assets:US:ETrade:GLD                                -16 GLD {87.43 USD, 2016-10-08} @ 85.36 USD
  Assets:US:ETrade:Cash                           1356.81 USD                                     
  Expenses:Financial:Commissions                     8.95 USD                                     
  Income:US:ETrade:Gains                            33.12 USD                                     

2017-05-29 * "Buy shares of ITOT"
  Assets:US:ETrade:Cash                           -714.75 USD                          
  Assets:US:ETrade:ITOT                                 4 ITOT {176.45 USD, 2017-05-29}
  Expenses:Financial:Commissions                     8.95 USD                          

2017-05-29 * "Buy shares of GLD"
  Assets:US:ETrade:Cash                           -772.06 USD                         
  Assets:US:ETrade:GLD                                  9 GLD {84.79 USD, 2017-05-29}
  Expenses:Financial:Commissions                     8.95 USD                         

2017-06-18 * "Dividends on portfolio"
  Assets:US:ETrade:Cash                            117.21 USD
  Income:US:ETrade:Dividends                      -117.21 USD

2017-09-18 * "Dividends on portfolio"
  Assets:US:ETrade:Cash                            117.21 USD
  Income:US:ETrade:Dividends                      -117.21 USD

2017-09-19 * "Buy shares of VEA"
  Assets:US:ETrade:Cash                          -3499.39 USD                          
  Assets:US:ETrade:VEA                                 29 VEA {120.36 USD, 2017-09-19}
  Expenses:Financial:Commissions                     8.95 USD                          

2017-10-28 * "Buy shares of GLD"
  Assets:US:ETrade:Cash                          -2295.67 USD                         
  Assets:US:ETrade:GLD                                 24 GLD {95.28 USD, 2017-10-28}
  Expenses:Financial:Commissions                     8.95 USD                         

2017-10-28 * "Buy shares of VEA"
  Assets:US:ETrade:Cash                          -2255.55 USD                          
  Assets:US:ETrade:VEA                                 20 VEA {112.33 USD, 2017-10-28}
  Expenses:Financial:Commissions                     8.95 USD                          

2017-11-05 * "Sell shares of VEA"
  Assets:US:ETrade:VEA                                -29 VEA {120.36 USD, 2017-09-19} @ 110.52 USD
  Assets:US:ETrade:Cash                           3196.13 USD                                       
  Expenses:Financial:Commissions                     8.95 USD                                       
  Income:US:ETrade:Gains                           285.36 USD                                       

2017-11-09 * "Buy shares of VEA"
  Assets:US:ETrade:Cash                          -3103.51 USD                          
  Assets:US:ETrade:VEA                                 28 VEA {110.52 USD, 2017-11-09}
  Expenses:Financial:Commissions                     8.95 USD                          



* Vanguard Investments

2015-01-01 open Assets:US:Vanguard:VBMPX                     VBMPX
  number: "882882"
2015-01-01 open Assets:US:Vanguard:RGAGX                     RGAGX
  number: "882882"
2015-01-01 open Assets:US:Vanguard                            USD
  address: "P.O. Box 1110, Valley Forge, PA 19482-1110"
  institution: "Vanguard Group"
  phone: "+1.800.523.1188"
2015-01-01 open Income:US:Babble:Match401k                   USD
2015-01-01 open Assets:US:Vanguard:Cash                       USD
  number: "882882"

2015-01-02 * "Employer match for contribution"
  Assets:US:Vanguard:Cash                          600.00 USD
  Income:US:Babble:Match401k                      -600.00 USD

2015-01-05 * "Investing 40% of cash in VBMPX"
  Assets:US:Vanguard:VBMPX                         11.896 VBMPX {40.35 USD, 2015-01-05}
  Assets:US:Vanguard:Cash                         -480.00 USD                           

2015-01-05 * "Investing 60% of cash in RGAGX"
  Assets:US:Vanguard:RGAGX                          9.662 RGAGX {74.52 USD, 2015-01-05}
  Assets:US:Vanguard:Cash                         -720.01 USD                           

2015-01-05 * "Investing 40% of cash in VBMPX"
  Assets:US:Vanguard:VBMPX                          5.948 VBMPX {40.35 USD, 2015-01-05}
  Assets:US:Vanguard:Cash                         -240.00 USD                           

2015-01-05 * "Investing 60% of cash in RGAGX"
  Assets:US:Vanguard:RGAGX                          4.831 RGAGX {74.52 USD, 2015-01-05}
  Assets:US:Vanguard:Cash                         -360.01 USD                           

2015-01-16 * "Employer match for contribution"
  Assets:US:Vanguard:Cash                          600.00 USD
  Income:US:Babble:Match401k                      -600.00 USD

2015-01-19 * "Investing 40% of cash in VBMPX"
  Assets:US:Vanguard:VBMPX                         11.588 VBMPX {41.42 USD, 2015-01-19}
  Assets:US:Vanguard:Cash                         -479.97 USD                           

2015-01-19 * "Investing 60% of cash in RGAGX"
  Assets:US:Vanguard:RGAGX                          9.829 RGAGX {73.25 USD, 2015-01-19}
  Assets:US:Vanguard:Cash                         -719.97 USD                           

2015-01-19 * "Investing 40% of cash in VBMPX"
  Assets:US:Vanguard:VBMPX                          5.795 VBMPX {41.42 USD, 2015-01-19}
  Assets:US:Vanguard:Cash                         -240.03 USD                           

2015-01-19 * "Investing 60% of cash in RGAGX"
  Assets:US:Vanguard:RGAGX                          4.915 RGAGX {73.25 USD, 2015-01-19}
  Assets:US:Vanguard:Cash                         -360.02 USD                           

2015-01-30 * "Employer match for contribution"
  Assets:US:Vanguard:Cash                          600.00 USD
  Income:US:Babble:Match401k                      -600.00 USD

2015-02-02 * "Investing 40% of cash in VBMPX"
  Assets:US:Vanguard:VBMPX                         11.911 VBMPX {40.30 USD, 2015-02-02}
  Assets:US:Vanguard:Cash                         -480.01 USD                           

2015-02-02 * "Investing 60% of cash in RGAGX"
  Assets:US:Vanguard:RGAGX                         10.085 RGAGX {71.39 USD, 2015-02-02}
  Assets:US:Vanguard:Cash                         -719.97 USD                           

2015-02-02 * "Investing 40% of cash in VBMPX"
  Assets:US:Vanguard:VBMPX                          5.955 VBMPX {40.30 USD, 2015-02-02}
  Assets:US:Vanguard:Cash                         -239.99 USD                           

2015-02-02 * "Investing 60% of cash in RGAGX"
  Assets:US:Vanguard:RGAGX                          5.043 RGAGX {71.39 USD, 2015-02-02}
  Assets:US:Vanguard:Cash                         -360.02 USD                           

2015-02-13 * "Employer match for contribution"
  Assets:US:Vanguard:Cash                          600.00 USD
  Income:US:Babble:Match401k                      -600.00 USD

2015-02-16 * "Investing 40% of cash in VBMPX"
  Assets:US:Vanguard:VBMPX                         11.896 VBMPX {40.35 USD, 2015-02-16}
  Assets:US:Vanguard:Cash                         -480.00 USD                           

2015-02-16 * "Investing 60% of cash in RGAGX"
  Assets:US:Vanguard:RGAGX                         10.006 RGAGX {71.96 USD, 2015-02-16}
  Assets:US:Vanguard:Cash                         -720.03 USD                           

2015-02-16 * "Investing 40% of cash in VBMPX"
  Assets:US:Vanguard:VBMPX                          5.948 VBMPX {40.35 USD, 2015-02-16}
  Assets:US:Vanguard:Cash                         -240.00 USD                           

2015-02-16 * "Investing 60% of cash in RGAGX"
  Assets:US:Vanguard:RGAGX                          5.003 RGAGX {71.96 USD, 2015-02-16}
  Assets:US:Vanguard:Cash                         -360.02 USD                           

2015-02-27 * "Employer match for contribution"
  Assets:US:Vanguard:Cash                          600.00 USD
  Income:US:Babble:Match401k                      -600.00 USD

2015-03-02 * "Investing 40% of cash in VBMPX"
  Assets:US:Vanguard:VBMPX                         12.198 VBMPX {39.35 USD, 2015-03-02}
  Assets:US:Vanguard:Cash                         -479.99 USD                           

2015-03-02 * "Investing 60% of cash in RGAGX"
  Assets:US:Vanguard:RGAGX                          9.413 RGAGX {76.49 USD, 2015-03-02}
  Assets:US:Vanguard:Cash                         -720.00 USD                           

2015-03-02 * "Investing 40% of cash in VBMPX"
  Assets:US:Vanguard:VBMPX                          6.099 VBMPX {39.35 USD, 2015-03-02}
  Assets:US:Vanguard:Cash                         -240.00 USD                           

2015-03-02 * "Investing 60% of cash in RGAGX"
  Assets:US:Vanguard:RGAGX                          4.706 RGAGX {76.49 USD, 2015-03-02}
  Assets:US:Vanguard:Cash                         -359.96 USD                           

2015-03-13 * "Employer match for contribution"
  Assets:US:Vanguard:Cash                          600.00 USD
  Income:US:Babble:Match401k                      -600.00 USD

2015-03-16 * "Investing 40% of cash in VBMPX"
  Assets:US:Vanguard:VBMPX                         12.198 VBMPX {39.35 USD, 2015-03-16}
  Assets:US:Vanguard:Cash                         -479.99 USD                           

2015-03-16 * "Investing 60% of cash in RGAGX"
  Assets:US:Vanguard:RGAGX                          9.479 RGAGX {75.96 USD, 2015-03-16}
  Assets:US:Vanguard:Cash                         -720.02 USD                           

2015-03-16 * "Investing 40% of cash in VBMPX"
  Assets:US:Vanguard:VBMPX                          6.099 VBMPX {39.35 USD, 2015-03-16}
  Assets:US:Vanguard:Cash                         -240.00 USD                           

2015-03-16 * "Investing 60% of cash in RGAGX"
  Assets:US:Vanguard:RGAGX                          4.739 RGAGX {75.96 USD, 2015-03-16}
  Assets:US:Vanguard:Cash                         -359.97 USD                           

2015-03-27 * "Employer match for contribution"
  Assets:US:Vanguard:Cash                          600.00 USD
  Income:US:Babble:Match401k                      -600.00 USD

2015-03-30 * "Investing 40% of cash in VBMPX"
  Assets:US:Vanguard:VBMPX                         11.964 VBMPX {40.12 USD, 2015-03-30}
  Assets:US:Vanguard:Cash                         -480.00 USD                           

2015-03-30 * "Investing 60% of cash in RGAGX"
  Assets:US:Vanguard:RGAGX                          9.508 RGAGX {75.73 USD, 2015-03-30}
  Assets:US:Vanguard:Cash                         -720.04 USD                           

2015-03-30 * "Investing 40% of cash in VBMPX"
  Assets:US:Vanguard:VBMPX                          5.982 VBMPX {40.12 USD, 2015-03-30}
  Assets:US:Vanguard:Cash                         -240.00 USD                           

2015-03-30 * "Investing 60% of cash in RGAGX"
  Assets:US:Vanguard:RGAGX                          4.754 RGAGX {75.73 USD, 2015-03-30}
  Assets:US:Vanguard:Cash                         -360.02 USD                           

2015-04-10 * "Employer match for contribution"
  Assets:US:Vanguard:Cash                          600.00 USD
  Income:US:Babble:Match401k                      -600.00 USD

2015-04-13 * "Investing 40% of cash in VBMPX"
  Assets:US:Vanguard:VBMPX                         11.764 VBMPX {40.80 USD, 2015-04-13}
  Assets:US:Vanguard:Cash                         -479.97 USD                           

2015-04-13 * "Investing 60% of cash in RGAGX"
  Assets:US:Vanguard:RGAGX                          9.491 RGAGX {75.86 USD, 2015-04-13}
  Assets:US:Vanguard:Cash                         -719.99 USD                           

2015-04-13 * "Investing 40% of cash in VBMPX"
  Assets:US:Vanguard:VBMPX                          5.882 VBMPX {40.80 USD, 2015-04-13}
  Assets:US:Vanguard:Cash                         -239.99 USD                           

2015-04-13 * "Investing 60% of cash in RGAGX"
  Assets:US:Vanguard:RGAGX                          4.746 RGAGX {75.86 USD, 2015-04-13}
  Assets:US:Vanguard:Cash                         -360.03 USD                           

2015-04-24 * "Employer match for contribution"
  Assets:US:Vanguard:Cash                          600.00 USD
  Income:US:Babble:Match401k                      -600.00 USD

2015-04-27 * "Investing 40% of cash in VBMPX"
  Assets:US:Vanguard:VBMPX                         12.118 VBMPX {39.61 USD, 2015-04-27}
  Assets:US:Vanguard:Cash                         -479.99 USD                           

2015-04-27 * "Investing 60% of cash in RGAGX"
  Assets:US:Vanguard:RGAGX                          9.949 RGAGX {72.37 USD, 2015-04-27}
  Assets:US:Vanguard:Cash                         -720.01 USD                           

2015-04-27 * "Investing 40% of cash in VBMPX"
  Assets:US:Vanguard:VBMPX                          6.059 VBMPX {39.61 USD, 2015-04-27}
  Assets:US:Vanguard:Cash                         -240.00 USD                           

2015-04-27 * "Investing 60% of cash in RGAGX"
  Assets:US:Vanguard:RGAGX                          4.974 RGAGX {72.37 USD, 2015-04-27}
  Assets:US:Vanguard:Cash                         -359.97 USD                           

2015-05-08 * "Employer match for contribution"
  Assets:US:Vanguard:Cash                          600.00 USD
  Income:US:Babble:Match401k                      -600.00 USD

2015-05-11 * "Investing 40% of cash in VBMPX"
  Assets:US:Vanguard:VBMPX                         11.591 VBMPX {41.41 USD, 2015-05-11}
  Assets:US:Vanguard:Cash                         -479.98 USD                           

2015-05-11 * "Investing 60% of cash in RGAGX"
  Assets:US:Vanguard:RGAGX                         10.103 RGAGX {71.27 USD, 2015-05-11}
  Assets:US:Vanguard:Cash                         -720.04 USD                           

2015-05-11 * "Investing 40% of cash in VBMPX"
  Assets:US:Vanguard:VBMPX                          5.796 VBMPX {41.41 USD, 2015-05-11}
  Assets:US:Vanguard:Cash                         -240.01 USD                           

2015-05-11 * "Investing 60% of cash in RGAGX"
  Assets:US:Vanguard:RGAGX                          5.051 RGAGX {71.27 USD, 2015-05-11}
  Assets:US:Vanguard:Cash                         -359.98 USD                           

2015-05-22 * "Employer match for contribution"
  Assets:US:Vanguard:Cash                          600.00 USD
  Income:US:Babble:Match401k                      -600.00 USD

2015-05-25 * "Investing 40% of cash in VBMPX"
  Assets:US:Vanguard:VBMPX                         11.356 VBMPX {42.27 USD, 2015-05-25}
  Assets:US:Vanguard:Cash                         -480.02 USD                           

2015-05-25 * "Investing 60% of cash in RGAGX"
  Assets:US:Vanguard:RGAGX                          9.727 RGAGX {74.02 USD, 2015-05-25}
  Assets:US:Vanguard:Cash                         -719.99 USD                           

2015-05-25 * "Investing 40% of cash in VBMPX"
  Assets:US:Vanguard:VBMPX                          5.678 VBMPX {42.27 USD, 2015-05-25}
  Assets:US:Vanguard:Cash                         -240.01 USD                           

2015-05-25 * "Investing 60% of cash in RGAGX"
  Assets:US:Vanguard:RGAGX                          4.863 RGAGX {74.02 USD, 2015-05-25}
  Assets:US:Vanguard:Cash                         -359.96 USD                           

2015-06-05 * "Employer match for contribution"
  Assets:US:Vanguard:Cash                          600.00 USD
  Income:US:Babble:Match401k                      -600.00 USD

2015-06-08 * "Investing 40% of cash in VBMPX"
  Assets:US:Vanguard:VBMPX                         11.114 VBMPX {43.19 USD, 2015-06-08}
  Assets:US:Vanguard:Cash                         -480.01 USD                           

2015-06-08 * "Investing 60% of cash in RGAGX"
  Assets:US:Vanguard:RGAGX                          9.766 RGAGX {73.73 USD, 2015-06-08}
  Assets:US:Vanguard:Cash                         -720.05 USD                           

2015-06-08 * "Investing 40% of cash in VBMPX"
  Assets:US:Vanguard:VBMPX                          5.556 VBMPX {43.19 USD, 2015-06-08}
  Assets:US:Vanguard:Cash                         -239.96 USD                           

2015-06-08 * "Investing 60% of cash in RGAGX"
  Assets:US:Vanguard:RGAGX                          4.882 RGAGX {73.73 USD, 2015-06-08}
  Assets:US:Vanguard:Cash                         -359.95 USD                           

2015-06-19 * "Employer match for contribution"
  Assets:US:Vanguard:Cash                          600.00 USD
  Income:US:Babble:Match401k                      -600.00 USD

2015-06-22 * "Investing 40% of cash in VBMPX"
  Assets:US:Vanguard:VBMPX                         11.391 VBMPX {42.14 USD, 2015-06-22}
  Assets:US:Vanguard:Cash                         -480.02 USD                           

2015-06-22 * "Investing 60% of cash in RGAGX"
  Assets:US:Vanguard:RGAGX                          9.438 RGAGX {76.29 USD, 2015-06-22}
  Assets:US:Vanguard:Cash                         -720.03 USD                           

2015-06-22 * "Investing 40% of cash in VBMPX"
  Assets:US:Vanguard:VBMPX                          5.695 VBMPX {42.14 USD, 2015-06-22}
  Assets:US:Vanguard:Cash                         -239.99 USD                           

2015-06-22 * "Investing 60% of cash in RGAGX"
  Assets:US:Vanguard:RGAGX                          4.719 RGAGX {76.29 USD, 2015-06-22}
  Assets:US:Vanguard:Cash                         -360.01 USD                           

2015-07-03 * "Employer match for contribution"
  Assets:US:Vanguard:Cash                          600.00 USD
  Income:US:Babble:Match401k                      -600.00 USD

2015-07-06 * "Investing 40% of cash in VBMPX"
  Assets:US:Vanguard:VBMPX                         11.302 VBMPX {42.47 USD, 2015-07-06}
  Assets:US:Vanguard:Cash                         -480.00 USD                           

2015-07-06 * "Investing 60% of cash in RGAGX"
  Assets:US:Vanguard:RGAGX                          9.264 RGAGX {77.72 USD, 2015-07-06}
  Assets:US:Vanguard:Cash                         -720.00 USD                           

2015-07-06 * "Investing 40% of cash in VBMPX"
  Assets:US:Vanguard:VBMPX                          5.651 VBMPX {42.47 USD, 2015-07-06}
  Assets:US:Vanguard:Cash                         -240.00 USD                           

2015-07-06 * "Investing 60% of cash in RGAGX"
  Assets:US:Vanguard:RGAGX                          4.632 RGAGX {77.72 USD, 2015-07-06}
  Assets:US:Vanguard:Cash                         -360.00 USD                           

2015-07-17 * "Employer match for contribution"
  Assets:US:Vanguard:Cash                          600.00 USD
  Income:US:Babble:Match401k                      -600.00 USD

2015-07-20 * "Investing 40% of cash in VBMPX"
  Assets:US:Vanguard:VBMPX                         10.767 VBMPX {44.58 USD, 2015-07-20}
  Assets:US:Vanguard:Cash                         -479.99 USD                           

2015-07-20 * "Investing 60% of cash in RGAGX"
  Assets:US:Vanguard:RGAGX                          8.996 RGAGX {80.04 USD, 2015-07-20}
  Assets:US:Vanguard:Cash                         -720.04 USD                           

2015-07-20 * "Investing 40% of cash in VBMPX"
  Assets:US:Vanguard:VBMPX                          5.383 VBMPX {44.58 USD, 2015-07-20}
  Assets:US:Vanguard:Cash                         -239.97 USD                           

2015-07-20 * "Investing 60% of cash in RGAGX"
  Assets:US:Vanguard:RGAGX                          4.498 RGAGX {80.04 USD, 2015-07-20}
  Assets:US:Vanguard:Cash                         -360.02 USD                           

2016-01-15 * "Employer match for contribution"
  Assets:US:Vanguard:Cash                          600.00 USD
  Income:US:Babble:Match401k                      -600.00 USD

2016-01-18 * "Investing 40% of cash in VBMPX"
  Assets:US:Vanguard:VBMPX                          9.430 VBMPX {50.90 USD, 2016-01-18}
  Assets:US:Vanguard:Cash                         -479.99 USD                           

2016-01-18 * "Investing 60% of cash in RGAGX"
  Assets:US:Vanguard:RGAGX                         10.439 RGAGX {68.97 USD, 2016-01-18}
  Assets:US:Vanguard:Cash                         -719.98 USD                           

2016-01-18 * "Investing 40% of cash in VBMPX"
  Assets:US:Vanguard:VBMPX                          4.715 VBMPX {50.90 USD, 2016-01-18}
  Assets:US:Vanguard:Cash                         -239.99 USD                           

2016-01-18 * "Investing 60% of cash in RGAGX"
  Assets:US:Vanguard:RGAGX                          5.220 RGAGX {68.97 USD, 2016-01-18}
  Assets:US:Vanguard:Cash                         -360.02 USD                           

2016-01-29 * "Employer match for contribution"
  Assets:US:Vanguard:Cash                          600.00 USD
  Income:US:Babble:Match401k                      -600.00 USD

2016-02-01 * "Investing 40% of cash in VBMPX"
  Assets:US:Vanguard:VBMPX                          9.705 VBMPX {49.46 USD, 2016-02-01}
  Assets:US:Vanguard:Cash                         -480.01 USD                           

2016-02-01 * "Investing 60% of cash in RGAGX"
  Assets:US:Vanguard:RGAGX                         10.367 RGAGX {69.45 USD, 2016-02-01}
  Assets:US:Vanguard:Cash                         -719.99 USD                           

2016-02-01 * "Investing 40% of cash in VBMPX"
  Assets:US:Vanguard:VBMPX                          4.852 VBMPX {49.46 USD, 2016-02-01}
  Assets:US:Vanguard:Cash                         -239.98 USD                           

2016-02-01 * "Investing 60% of cash in RGAGX"
  Assets:US:Vanguard:RGAGX                          5.184 RGAGX {69.45 USD, 2016-02-01}
  Assets:US:Vanguard:Cash                         -360.03 USD                           

2016-02-12 * "Employer match for contribution"
  Assets:US:Vanguard:Cash                          600.00 USD
  Income:US:Babble:Match401k                      -600.00 USD

2016-02-15 * "Investing 40% of cash in VBMPX"
  Assets:US:Vanguard:VBMPX                         10.002 VBMPX {47.99 USD, 2016-02-15}
  Assets:US:Vanguard:Cash                         -480.00 USD                           

2016-02-15 * "Investing 60% of cash in RGAGX"
  Assets:US:Vanguard:RGAGX                         10.451 RGAGX {68.89 USD, 2016-02-15}
  Assets:US:Vanguard:Cash                         -719.97 USD                           

2016-02-15 * "Investing 40% of cash in VBMPX"
  Assets:US:Vanguard:VBMPX                          5.001 VBMPX {47.99 USD, 2016-02-15}
  Assets:US:Vanguard:Cash                         -240.00 USD                           

2016-02-15 * "Investing 60% of cash in RGAGX"
  Assets:US:Vanguard:RGAGX                          5.226 RGAGX {68.89 USD, 2016-02-15}
  Assets:US:Vanguard:Cash                         -360.02 USD                           

2016-02-26 * "Employer match for contribution"
  Assets:US:Vanguard:Cash                          600.00 USD
  Income:US:Babble:Match401k                      -600.00 USD

2016-02-29 * "Investing 40% of cash in VBMPX"
  Assets:US:Vanguard:VBMPX                         10.204 VBMPX {47.04 USD, 2016-02-29}
  Assets:US:Vanguard:Cash                         -480.00 USD                           

2016-02-29 * "Investing 60% of cash in RGAGX"
  Assets:US:Vanguard:RGAGX                         10.574 RGAGX {68.09 USD, 2016-02-29}
  Assets:US:Vanguard:Cash                         -719.98 USD                           

2016-02-29 * "Investing 40% of cash in VBMPX"
  Assets:US:Vanguard:VBMPX                          5.102 VBMPX {47.04 USD, 2016-02-29}
  Assets:US:Vanguard:Cash                         -240.00 USD                           

2016-02-29 * "Investing 60% of cash in RGAGX"
  Assets:US:Vanguard:RGAGX                          5.287 RGAGX {68.09 USD, 2016-02-29}
  Assets:US:Vanguard:Cash                         -359.99 USD                           

2016-03-11 * "Employer match for contribution"
  Assets:US:Vanguard:Cash                          600.00 USD
  Income:US:Babble:Match401k                      -600.00 USD

2016-03-14 * "Investing 40% of cash in VBMPX"
  Assets:US:Vanguard:VBMPX                         10.114 VBMPX {47.46 USD, 2016-03-14}
  Assets:US:Vanguard:Cash                         -480.01 USD                           

2016-03-14 * "Investing 60% of cash in RGAGX"
  Assets:US:Vanguard:RGAGX                         10.197 RGAGX {70.61 USD, 2016-03-14}
  Assets:US:Vanguard:Cash                         -720.01 USD                           

2016-03-14 * "Investing 40% of cash in VBMPX"
  Assets:US:Vanguard:VBMPX                          5.057 VBMPX {47.46 USD, 2016-03-14}
  Assets:US:Vanguard:Cash                         -240.01 USD                           

2016-03-14 * "Investing 60% of cash in RGAGX"
  Assets:US:Vanguard:RGAGX                          5.099 RGAGX {70.61 USD, 2016-03-14}
  Assets:US:Vanguard:Cash                         -360.04 USD                           

2016-03-25 * "Employer match for contribution"
  Assets:US:Vanguard:Cash                          600.00 USD
  Income:US:Babble:Match401k                      -600.00 USD

2016-03-28 * "Investing 40% of cash in VBMPX"
  Assets:US:Vanguard:VBMPX                          9.899 VBMPX {48.49 USD, 2016-03-28}
  Assets:US:Vanguard:Cash                         -480.00 USD                           

2016-03-28 * "Investing 60% of cash in RGAGX"
  Assets:US:Vanguard:RGAGX                          9.902 RGAGX {72.71 USD, 2016-03-28}
  Assets:US:Vanguard:Cash                         -719.97 USD                           

2016-03-28 * "Investing 40% of cash in VBMPX"
  Assets:US:Vanguard:VBMPX                          4.949 VBMPX {48.49 USD, 2016-03-28}
  Assets:US:Vanguard:Cash                         -239.98 USD                           

2016-03-28 * "Investing 60% of cash in RGAGX"
  Assets:US:Vanguard:RGAGX                          4.951 RGAGX {72.71 USD, 2016-03-28}
  Assets:US:Vanguard:Cash                         -359.99 USD                           

2016-04-08 * "Employer match for contribution"
  Assets:US:Vanguard:Cash                          600.00 USD
  Income:US:Babble:Match401k                      -600.00 USD

2016-04-11 * "Investing 40% of cash in VBMPX"
  Assets:US:Vanguard:VBMPX                         10.065 VBMPX {47.69 USD, 2016-04-11}
  Assets:US:Vanguard:Cash                         -480.00 USD                           

2016-04-11 * "Investing 60% of cash in RGAGX"
  Assets:US:Vanguard:RGAGX                          9.701 RGAGX {74.22 USD, 2016-04-11}
  Assets:US:Vanguard:Cash                         -720.01 USD                           

2016-04-11 * "Investing 40% of cash in VBMPX"
  Assets:US:Vanguard:VBMPX                          5.033 VBMPX {47.69 USD, 2016-04-11}
  Assets:US:Vanguard:Cash                         -240.02 USD                           

2016-04-11 * "Investing 60% of cash in RGAGX"
  Assets:US:Vanguard:RGAGX                          4.851 RGAGX {74.22 USD, 2016-04-11}
  Assets:US:Vanguard:Cash                         -360.04 USD                           

2016-04-22 * "Employer match for contribution"
  Assets:US:Vanguard:Cash                          600.00 USD
  Income:US:Babble:Match401k                      -600.00 USD

2016-04-25 * "Investing 40% of cash in VBMPX"
  Assets:US:Vanguard:VBMPX                         10.126 VBMPX {47.40 USD, 2016-04-25}
  Assets:US:Vanguard:Cash                         -479.97 USD                           

2016-04-25 * "Investing 60% of cash in RGAGX"
  Assets:US:Vanguard:RGAGX                          9.739 RGAGX {73.93 USD, 2016-04-25}
  Assets:US:Vanguard:Cash                         -720.00 USD                           

2016-04-25 * "Investing 40% of cash in VBMPX"
  Assets:US:Vanguard:VBMPX                          5.063 VBMPX {47.40 USD, 2016-04-25}
  Assets:US:Vanguard:Cash                         -239.99 USD                           

2016-04-25 * "Investing 60% of cash in RGAGX"
  Assets:US:Vanguard:RGAGX                          4.869 RGAGX {73.93 USD, 2016-04-25}
  Assets:US:Vanguard:Cash                         -359.97 USD                           

2016-05-06 * "Employer match for contribution"
  Assets:US:Vanguard:Cash                          600.00 USD
  Income:US:Babble:Match401k                      -600.00 USD

2016-05-09 * "Investing 40% of cash in VBMPX"
  Assets:US:Vanguard:VBMPX                         10.133 VBMPX {47.37 USD, 2016-05-09}
  Assets:US:Vanguard:Cash                         -480.00 USD                           

2016-05-09 * "Investing 60% of cash in RGAGX"
  Assets:US:Vanguard:RGAGX                          9.767 RGAGX {73.72 USD, 2016-05-09}
  Assets:US:Vanguard:Cash                         -720.02 USD                           

2016-05-09 * "Investing 40% of cash in VBMPX"
  Assets:US:Vanguard:VBMPX                          5.066 VBMPX {47.37 USD, 2016-05-09}
  Assets:US:Vanguard:Cash                         -239.98 USD                           

2016-05-09 * "Investing 60% of cash in RGAGX"
  Assets:US:Vanguard:RGAGX                          4.883 RGAGX {73.72 USD, 2016-05-09}
  Assets:US:Vanguard:Cash                         -359.97 USD                           

2016-05-20 * "Employer match for contribution"
  Assets:US:Vanguard:Cash                          600.00 USD
  Income:US:Babble:Match401k                      -600.00 USD

2016-05-23 * "Investing 40% of cash in VBMPX"
  Assets:US:Vanguard:VBMPX                         10.356 VBMPX {46.35 USD, 2016-05-23}
  Assets:US:Vanguard:Cash                         -480.00 USD                           

2016-05-23 * "Investing 60% of cash in RGAGX"
  Assets:US:Vanguard:RGAGX                          9.904 RGAGX {72.70 USD, 2016-05-23}
  Assets:US:Vanguard:Cash                         -720.02 USD                           

2016-05-23 * "Investing 40% of cash in VBMPX"
  Assets:US:Vanguard:VBMPX                          5.178 VBMPX {46.35 USD, 2016-05-23}
  Assets:US:Vanguard:Cash                         -240.00 USD                           

2016-05-23 * "Investing 60% of cash in RGAGX"
  Assets:US:Vanguard:RGAGX                          4.952 RGAGX {72.70 USD, 2016-05-23}
  Assets:US:Vanguard:Cash                         -360.01 USD                           

2016-06-03 * "Employer match for contribution"
  Assets:US:Vanguard:Cash                          600.00 USD
  Income:US:Babble:Match401k                      -600.00 USD

2016-06-06 * "Investing 40% of cash in VBMPX"
  Assets:US:Vanguard:VBMPX                         10.061 VBMPX {47.71 USD, 2016-06-06}
  Assets:US:Vanguard:Cash                         -480.01 USD                           

2016-06-06 * "Investing 60% of cash in RGAGX"
  Assets:US:Vanguard:RGAGX                         10.210 RGAGX {70.52 USD, 2016-06-06}
  Assets:US:Vanguard:Cash                         -720.01 USD                           

2016-06-06 * "Investing 40% of cash in VBMPX"
  Assets:US:Vanguard:VBMPX                          5.030 VBMPX {47.71 USD, 2016-06-06}
  Assets:US:Vanguard:Cash                         -239.98 USD                           

2016-06-06 * "Investing 60% of cash in RGAGX"
  Assets:US:Vanguard:RGAGX                          5.105 RGAGX {70.52 USD, 2016-06-06}
  Assets:US:Vanguard:Cash                         -360.00 USD                           

2016-06-17 * "Employer match for contribution"
  Assets:US:Vanguard:Cash                          600.00 USD
  Income:US:Babble:Match401k                      -600.00 USD

2016-06-20 * "Investing 40% of cash in VBMPX"
  Assets:US:Vanguard:VBMPX                         10.904 VBMPX {44.02 USD, 2016-06-20}
  Assets:US:Vanguard:Cash                         -479.99 USD                           

2016-06-20 * "Investing 60% of cash in RGAGX"
  Assets:US:Vanguard:RGAGX                         10.141 RGAGX {71.00 USD, 2016-06-20}
  Assets:US:Vanguard:Cash                         -720.01 USD                           

2016-06-20 * "Investing 40% of cash in VBMPX"
  Assets:US:Vanguard:VBMPX                          5.452 VBMPX {44.02 USD, 2016-06-20}
  Assets:US:Vanguard:Cash                         -240.00 USD                           

2016-06-20 * "Investing 60% of cash in RGAGX"
  Assets:US:Vanguard:RGAGX                          5.071 RGAGX {71.00 USD, 2016-06-20}
  Assets:US:Vanguard:Cash                         -360.04 USD                           

2016-07-01 * "Employer match for contribution"
  Assets:US:Vanguard:Cash                          600.00 USD
  Income:US:Babble:Match401k                      -600.00 USD

2016-07-04 * "Investing 40% of cash in VBMPX"
  Assets:US:Vanguard:VBMPX                         11.078 VBMPX {43.33 USD, 2016-07-04}
  Assets:US:Vanguard:Cash                         -480.01 USD                           

2016-07-04 * "Investing 60% of cash in RGAGX"
  Assets:US:Vanguard:RGAGX                          9.980 RGAGX {72.14 USD, 2016-07-04}
  Assets:US:Vanguard:Cash                         -719.96 USD                           

2016-07-04 * "Investing 40% of cash in VBMPX"
  Assets:US:Vanguard:VBMPX                          5.539 VBMPX {43.33 USD, 2016-07-04}
  Assets:US:Vanguard:Cash                         -240.00 USD                           

2016-07-04 * "Investing 60% of cash in RGAGX"
  Assets:US:Vanguard:RGAGX                          4.990 RGAGX {72.14 USD, 2016-07-04}
  Assets:US:Vanguard:Cash                         -359.98 USD                           

2016-07-15 * "Employer match for contribution"
  Assets:US:Vanguard:Cash                          600.00 USD
  Income:US:Babble:Match401k                      -600.00 USD

2016-07-18 * "Investing 40% of cash in VBMPX"
  Assets:US:Vanguard:VBMPX                         10.964 VBMPX {43.78 USD, 2016-07-18}
  Assets:US:Vanguard:Cash                         -480.00 USD                           

2016-07-18 * "Investing 60% of cash in RGAGX"
  Assets:US:Vanguard:RGAGX                          9.894 RGAGX {72.77 USD, 2016-07-18}
  Assets:US:Vanguard:Cash                         -719.99 USD                           

2016-07-18 * "Investing 40% of cash in VBMPX"
  Assets:US:Vanguard:VBMPX                          5.482 VBMPX {43.78 USD, 2016-07-18}
  Assets:US:Vanguard:Cash                         -240.00 USD                           

2016-07-18 * "Investing 60% of cash in RGAGX"
  Assets:US:Vanguard:RGAGX                          4.947 RGAGX {72.77 USD, 2016-07-18}
  Assets:US:Vanguard:Cash                         -359.99 USD                           

2016-07-29 * "Employer match for contribution"
  Assets:US:Vanguard:Cash                          600.00 USD
  Income:US:Babble:Match401k                      -600.00 USD

2016-08-01 * "Investing 40% of cash in VBMPX"
  Assets:US:Vanguard:VBMPX                         11.279 VBMPX {42.56 USD, 2016-08-01}
  Assets:US:Vanguard:Cash                         -480.03 USD                           

2016-08-01 * "Investing 60% of cash in RGAGX"
  Assets:US:Vanguard:RGAGX                          9.767 RGAGX {73.72 USD, 2016-08-01}
  Assets:US:Vanguard:Cash                         -720.02 USD                           

2016-08-01 * "Investing 40% of cash in VBMPX"
  Assets:US:Vanguard:VBMPX                          5.639 VBMPX {42.56 USD, 2016-08-01}
  Assets:US:Vanguard:Cash                         -240.00 USD                           

2016-08-01 * "Investing 60% of cash in RGAGX"
  Assets:US:Vanguard:RGAGX                          4.883 RGAGX {73.72 USD, 2016-08-01}
  Assets:US:Vanguard:Cash                         -359.97 USD                           

2017-01-13 * "Employer match for contribution"
  Assets:US:Vanguard:Cash                          600.00 USD
  Income:US:Babble:Match401k                      -600.00 USD

2017-01-16 * "Investing 40% of cash in VBMPX"
  Assets:US:Vanguard:VBMPX                         11.093 VBMPX {43.27 USD, 2017-01-16}
  Assets:US:Vanguard:Cash                         -479.99 USD                           

2017-01-16 * "Investing 60% of cash in RGAGX"
  Assets:US:Vanguard:RGAGX                          9.352 RGAGX {76.99 USD, 2017-01-16}
  Assets:US:Vanguard:Cash                         -720.01 USD                           

2017-01-16 * "Investing 40% of cash in VBMPX"
  Assets:US:Vanguard:VBMPX                          5.547 VBMPX {43.27 USD, 2017-01-16}
  Assets:US:Vanguard:Cash                         -240.02 USD                           

2017-01-16 * "Investing 60% of cash in RGAGX"
  Assets:US:Vanguard:RGAGX                          4.676 RGAGX {76.99 USD, 2017-01-16}
  Assets:US:Vanguard:Cash                         -360.01 USD                           

2017-01-27 * "Employer match for contribution"
  Assets:US:Vanguard:Cash                          600.00 USD
  Income:US:Babble:Match401k                      -600.00 USD

2017-01-30 * "Investing 40% of cash in VBMPX"
  Assets:US:Vanguard:VBMPX                         11.055 VBMPX {43.42 USD, 2017-01-30}
  Assets:US:Vanguard:Cash                         -480.01 USD                           

2017-01-30 * "Investing 60% of cash in RGAGX"
  Assets:US:Vanguard:RGAGX                          9.331 RGAGX {77.16 USD, 2017-01-30}
  Assets:US:Vanguard:Cash                         -719.98 USD                           

2017-01-30 * "Investing 40% of cash in VBMPX"
  Assets:US:Vanguard:VBMPX                          5.527 VBMPX {43.42 USD, 2017-01-30}
  Assets:US:Vanguard:Cash                         -239.98 USD                           

2017-01-30 * "Investing 60% of cash in RGAGX"
  Assets:US:Vanguard:RGAGX                          4.666 RGAGX {77.16 USD, 2017-01-30}
  Assets:US:Vanguard:Cash                         -360.03 USD                           

2017-02-10 * "Employer match for contribution"
  Assets:US:Vanguard:Cash                          600.00 USD
  Income:US:Babble:Match401k                      -600.00 USD

2017-02-13 * "Investing 40% of cash in VBMPX"
  Assets:US:Vanguard:VBMPX                         11.109 VBMPX {43.21 USD, 2017-02-13}
  Assets:US:Vanguard:Cash                         -480.02 USD                           

2017-02-13 * "Investing 60% of cash in RGAGX"
  Assets:US:Vanguard:RGAGX                          9.628 RGAGX {74.78 USD, 2017-02-13}
  Assets:US:Vanguard:Cash                         -719.98 USD                           

2017-02-13 * "Investing 40% of cash in VBMPX"
  Assets:US:Vanguard:VBMPX                          5.554 VBMPX {43.21 USD, 2017-02-13}
  Assets:US:Vanguard:Cash                         -239.99 USD                           

2017-02-13 * "Investing 60% of cash in RGAGX"
  Assets:US:Vanguard:RGAGX                          4.814 RGAGX {74.78 USD, 2017-02-13}
  Assets:US:Vanguard:Cash                         -359.99 USD                           

2017-02-24 * "Employer match for contribution"
  Assets:US:Vanguard:Cash                          600.00 USD
  Income:US:Babble:Match401k                      -600.00 USD

2017-02-27 * "Investing 40% of cash in VBMPX"
  Assets:US:Vanguard:VBMPX                         11.544 VBMPX {41.58 USD, 2017-02-27}
  Assets:US:Vanguard:Cash                         -480.00 USD                           

2017-02-27 * "Investing 60% of cash in RGAGX"
  Assets:US:Vanguard:RGAGX                          9.789 RGAGX {73.55 USD, 2017-02-27}
  Assets:US:Vanguard:Cash                         -719.98 USD                           

2017-02-27 * "Investing 40% of cash in VBMPX"
  Assets:US:Vanguard:VBMPX                          5.772 VBMPX {41.58 USD, 2017-02-27}
  Assets:US:Vanguard:Cash                         -240.00 USD                           

2017-02-27 * "Investing 60% of cash in RGAGX"
  Assets:US:Vanguard:RGAGX                          4.895 RGAGX {73.55 USD, 2017-02-27}
  Assets:US:Vanguard:Cash                         -360.03 USD                           

2017-03-10 * "Employer match for contribution"
  Assets:US:Vanguard:Cash                          600.00 USD
  Income:US:Babble:Match401k                      -600.00 USD

2017-03-13 * "Investing 40% of cash in VBMPX"
  Assets:US:Vanguard:VBMPX                         11.442 VBMPX {41.95 USD, 2017-03-13}
  Assets:US:Vanguard:Cash                         -479.99 USD                           

2017-03-13 * "Investing 60% of cash in RGAGX"
  Assets:US:Vanguard:RGAGX                         10.203 RGAGX {70.57 USD, 2017-03-13}
  Assets:US:Vanguard:Cash                         -720.03 USD                           

2017-03-13 * "Investing 40% of cash in VBMPX"
  Assets:US:Vanguard:VBMPX                          5.721 VBMPX {41.95 USD, 2017-03-13}
  Assets:US:Vanguard:Cash                         -240.00 USD                           

2017-03-13 * "Investing 60% of cash in RGAGX"
  Assets:US:Vanguard:RGAGX                          5.101 RGAGX {70.57 USD, 2017-03-13}
  Assets:US:Vanguard:Cash                         -359.98 USD                           

2017-03-24 * "Employer match for contribution"
  Assets:US:Vanguard:Cash                          600.00 USD
  Income:US:Babble:Match401k                      -600.00 USD

2017-03-27 * "Investing 40% of cash in VBMPX"
  Assets:US:Vanguard:VBMPX                         11.012 VBMPX {43.59 USD, 2017-03-27}
  Assets:US:Vanguard:Cash                         -480.01 USD                           

2017-03-27 * "Investing 60% of cash in RGAGX"
  Assets:US:Vanguard:RGAGX                         10.141 RGAGX {71.00 USD, 2017-03-27}
  Assets:US:Vanguard:Cash                         -720.01 USD                           

2017-03-27 * "Investing 40% of cash in VBMPX"
  Assets:US:Vanguard:VBMPX                          5.506 VBMPX {43.59 USD, 2017-03-27}
  Assets:US:Vanguard:Cash                         -240.01 USD                           

2017-03-27 * "Investing 60% of cash in RGAGX"
  Assets:US:Vanguard:RGAGX                          5.070 RGAGX {71.00 USD, 2017-03-27}
  Assets:US:Vanguard:Cash                         -359.97 USD                           

2017-04-07 * "Employer match for contribution"
  Assets:US:Vanguard:Cash                          600.00 USD
  Income:US:Babble:Match401k                      -600.00 USD

2017-04-10 * "Investing 40% of cash in VBMPX"
  Assets:US:Vanguard:VBMPX                         11.181 VBMPX {42.93 USD, 2017-04-10}
  Assets:US:Vanguard:Cash                         -480.00 USD                           

2017-04-10 * "Investing 60% of cash in RGAGX"
  Assets:US:Vanguard:RGAGX                          9.587 RGAGX {75.10 USD, 2017-04-10}
  Assets:US:Vanguard:Cash                         -719.98 USD                           

2017-04-10 * "Investing 40% of cash in VBMPX"
  Assets:US:Vanguard:VBMPX                          5.591 VBMPX {42.93 USD, 2017-04-10}
  Assets:US:Vanguard:Cash                         -240.02 USD                           

2017-04-10 * "Investing 60% of cash in RGAGX"
  Assets:US:Vanguard:RGAGX                          4.794 RGAGX {75.10 USD, 2017-04-10}
  Assets:US:Vanguard:Cash                         -360.03 USD                           

2017-04-21 * "Employer match for contribution"
  Assets:US:Vanguard:Cash                          600.00 USD
  Income:US:Babble:Match401k                      -600.00 USD

2017-04-24 * "Investing 40% of cash in VBMPX"
  Assets:US:Vanguard:VBMPX                         11.372 VBMPX {42.21 USD, 2017-04-24}
  Assets:US:Vanguard:Cash                         -480.01 USD                           

2017-04-24 * "Investing 60% of cash in RGAGX"
  Assets:US:Vanguard:RGAGX                          9.638 RGAGX {74.70 USD, 2017-04-24}
  Assets:US:Vanguard:Cash                         -719.96 USD                           

2017-04-24 * "Investing 40% of cash in VBMPX"
  Assets:US:Vanguard:VBMPX                          5.686 VBMPX {42.21 USD, 2017-04-24}
  Assets:US:Vanguard:Cash                         -240.01 USD                           

2017-04-24 * "Investing 60% of cash in RGAGX"
  Assets:US:Vanguard:RGAGX                          4.819 RGAGX {74.70 USD, 2017-04-24}
  Assets:US:Vanguard:Cash                         -359.98 USD                           

2017-05-05 * "Employer match for contribution"
  Assets:US:Vanguard:Cash                          600.00 USD
  Income:US:Babble:Match401k                      -600.00 USD

2017-05-08 * "Investing 40% of cash in VBMPX"
  Assets:US:Vanguard:VBMPX                         11.396 VBMPX {42.12 USD, 2017-05-08}
  Assets:US:Vanguard:Cash                         -480.00 USD                           

2017-05-08 * "Investing 60% of cash in RGAGX"
  Assets:US:Vanguard:RGAGX                          9.859 RGAGX {73.03 USD, 2017-05-08}
  Assets:US:Vanguard:Cash                         -720.00 USD                           

2017-05-08 * "Investing 40% of cash in VBMPX"
  Assets:US:Vanguard:VBMPX                          5.698 VBMPX {42.12 USD, 2017-05-08}
  Assets:US:Vanguard:Cash                         -240.00 USD                           

2017-05-08 * "Investing 60% of cash in RGAGX"
  Assets:US:Vanguard:RGAGX                          4.930 RGAGX {73.03 USD, 2017-05-08}
  Assets:US:Vanguard:Cash                         -360.04 USD                           

2017-05-19 * "Employer match for contribution"
  Assets:US:Vanguard:Cash                          600.00 USD
  Income:US:Babble:Match401k                      -600.00 USD

2017-05-22 * "Investing 40% of cash in VBMPX"
  Assets:US:Vanguard:VBMPX                         11.042 VBMPX {43.47 USD, 2017-05-22}
  Assets:US:Vanguard:Cash                         -480.00 USD                           

2017-05-22 * "Investing 60% of cash in RGAGX"
  Assets:US:Vanguard:RGAGX                          9.646 RGAGX {74.64 USD, 2017-05-22}
  Assets:US:Vanguard:Cash                         -719.98 USD                           

2017-05-22 * "Investing 40% of cash in VBMPX"
  Assets:US:Vanguard:VBMPX                          5.521 VBMPX {43.47 USD, 2017-05-22}
  Assets:US:Vanguard:Cash                         -240.00 USD                           

2017-05-22 * "Investing 60% of cash in RGAGX"
  Assets:US:Vanguard:RGAGX                          4.823 RGAGX {74.64 USD, 2017-05-22}
  Assets:US:Vanguard:Cash                         -359.99 USD                           

2017-06-02 * "Employer match for contribution"
  Assets:US:Vanguard:Cash                          600.00 USD
  Income:US:Babble:Match401k                      -600.00 USD

2017-06-05 * "Investing 40% of cash in VBMPX"
  Assets:US:Vanguard:VBMPX                         10.902 VBMPX {44.03 USD, 2017-06-05}
  Assets:US:Vanguard:Cash                         -480.02 USD                           

2017-06-05 * "Investing 60% of cash in RGAGX"
  Assets:US:Vanguard:RGAGX                          9.582 RGAGX {75.14 USD, 2017-06-05}
  Assets:US:Vanguard:Cash                         -719.99 USD                           

2017-06-05 * "Investing 40% of cash in VBMPX"
  Assets:US:Vanguard:VBMPX                          5.451 VBMPX {44.03 USD, 2017-06-05}
  Assets:US:Vanguard:Cash                         -240.01 USD                           

2017-06-05 * "Investing 60% of cash in RGAGX"
  Assets:US:Vanguard:RGAGX                          4.791 RGAGX {75.14 USD, 2017-06-05}
  Assets:US:Vanguard:Cash                         -360.00 USD                           

2017-06-16 * "Employer match for contribution"
  Assets:US:Vanguard:Cash                          600.00 USD
  Income:US:Babble:Match401k                      -600.00 USD

2017-06-19 * "Investing 40% of cash in VBMPX"
  Assets:US:Vanguard:VBMPX                         10.439 VBMPX {45.98 USD, 2017-06-19}
  Assets:US:Vanguard:Cash                         -479.99 USD                           

2017-06-19 * "Investing 60% of cash in RGAGX"
  Assets:US:Vanguard:RGAGX                          9.511 RGAGX {75.70 USD, 2017-06-19}
  Assets:US:Vanguard:Cash                         -719.98 USD                           

2017-06-19 * "Investing 40% of cash in VBMPX"
  Assets:US:Vanguard:VBMPX                          5.220 VBMPX {45.98 USD, 2017-06-19}
  Assets:US:Vanguard:Cash                         -240.02 USD                           

2017-06-19 * "Investing 60% of cash in RGAGX"
  Assets:US:Vanguard:RGAGX                          4.756 RGAGX {75.70 USD, 2017-06-19}
  Assets:US:Vanguard:Cash                         -360.03 USD                           

2017-06-30 * "Employer match for contribution"
  Assets:US:Vanguard:Cash                          600.00 USD
  Income:US:Babble:Match401k                      -600.00 USD

2017-07-03 * "Investing 40% of cash in VBMPX"
  Assets:US:Vanguard:VBMPX                         10.329 VBMPX {46.47 USD, 2017-07-03}
  Assets:US:Vanguard:Cash                         -479.99 USD                           

2017-07-03 * "Investing 60% of cash in RGAGX"
  Assets:US:Vanguard:RGAGX                          9.416 RGAGX {76.46 USD, 2017-07-03}
  Assets:US:Vanguard:Cash                         -719.95 USD                           

2017-07-03 * "Investing 40% of cash in VBMPX"
  Assets:US:Vanguard:VBMPX                          5.165 VBMPX {46.47 USD, 2017-07-03}
  Assets:US:Vanguard:Cash                         -240.02 USD                           

2017-07-03 * "Investing 60% of cash in RGAGX"
  Assets:US:Vanguard:RGAGX                          4.709 RGAGX {76.46 USD, 2017-07-03}
  Assets:US:Vanguard:Cash                         -360.05 USD                           

2017-07-14 * "Employer match for contribution"
  Assets:US:Vanguard:Cash                          600.00 USD
  Income:US:Babble:Match401k                      -600.00 USD

2017-07-17 * "Investing 40% of cash in VBMPX"
  Assets:US:Vanguard:VBMPX                         10.383 VBMPX {46.23 USD, 2017-07-17}
  Assets:US:Vanguard:Cash                         -480.01 USD                           

2017-07-17 * "Investing 60% of cash in RGAGX"
  Assets:US:Vanguard:RGAGX                          9.109 RGAGX {79.04 USD, 2017-07-17}
  Assets:US:Vanguard:Cash                         -719.98 USD                           

2017-07-17 * "Investing 40% of cash in VBMPX"
  Assets:US:Vanguard:VBMPX                          5.191 VBMPX {46.23 USD, 2017-07-17}
  Assets:US:Vanguard:Cash                         -239.98 USD                           

2017-07-17 * "Investing 60% of cash in RGAGX"
  Assets:US:Vanguard:RGAGX                          4.554 RGAGX {79.04 USD, 2017-07-17}
  Assets:US:Vanguard:Cash                         -359.95 USD                           

2017-07-28 * "Employer match for contribution"
  Assets:US:Vanguard:Cash                          600.00 USD
  Income:US:Babble:Match401k                      -600.00 USD

2017-07-31 * "Investing 40% of cash in VBMPX"
  Assets:US:Vanguard:VBMPX                         10.170 VBMPX {47.20 USD, 2017-07-31}
  Assets:US:Vanguard:Cash                         -480.02 USD                           

2017-07-31 * "Investing 60% of cash in RGAGX"
  Assets:US:Vanguard:RGAGX                          9.306 RGAGX {77.37 USD, 2017-07-31}
  Assets:US:Vanguard:Cash                         -720.01 USD                           

2017-07-31 * "Investing 40% of cash in VBMPX"
  Assets:US:Vanguard:VBMPX                          5.085 VBMPX {47.20 USD, 2017-07-31}
  Assets:US:Vanguard:Cash                         -240.01 USD                           

2017-07-31 * "Investing 60% of cash in RGAGX"
  Assets:US:Vanguard:RGAGX                          4.653 RGAGX {77.37 USD, 2017-07-31}
  Assets:US:Vanguard:Cash                         -360.00 USD                           

2017-08-11 * "Employer match for contribution"
  Assets:US:Vanguard:Cash                          250.00 USD
  Income:US:Babble:Match401k                      -250.00 USD

2017-08-14 * "Investing 40% of cash in VBMPX"
  Assets:US:Vanguard:VBMPX                          4.428 VBMPX {45.17 USD, 2017-08-14}
  Assets:US:Vanguard:Cash                         -200.01 USD                           

2017-08-14 * "Investing 60% of cash in RGAGX"
  Assets:US:Vanguard:RGAGX                          3.888 RGAGX {77.17 USD, 2017-08-14}
  Assets:US:Vanguard:Cash                         -300.04 USD                           

2017-08-14 * "Investing 40% of cash in VBMPX"
  Assets:US:Vanguard:VBMPX                          2.213 VBMPX {45.17 USD, 2017-08-14}
  Assets:US:Vanguard:Cash                          -99.96 USD                           

2017-08-14 * "Investing 60% of cash in RGAGX"
  Assets:US:Vanguard:RGAGX                          1.943 RGAGX {77.17 USD, 2017-08-14}
  Assets:US:Vanguard:Cash                         -149.94 USD                           



* Sources of Income

2015-01-01 open Income:US:Babble:Salary                      USD
2015-01-01 open Income:US:Babble:GroupTermLife               USD
2015-01-01 open Income:US:Babble:Vacation                    VACHR
2015-01-01 open Assets:US:Babble:Vacation                    VACHR
2015-01-01 open Expenses:Vacation                               VACHR
2015-01-01 open Expenses:Health:Life:GroupTermLife
2015-01-01 open Expenses:Health:Medical:Insurance
2015-01-01 open Expenses:Health:Dental:Insurance
2015-01-01 open Expenses:Health:Vision:Insurance

2015-01-01 * "Babble" "Payroll"
  Assets:US:BofA:Checking                         1350.60 USD   
  Assets:US:Vanguard:Cash                         1200.00 USD   
  Income:US:Babble:Salary                        -4615.38 USD   
  Income:US:Babble:GroupTermLife                   -24.32 USD   
  Expenses:Health:Life:GroupTermLife                24.32 USD   
  Expenses:Health:Dental:Insurance                   2.90 USD   
  Expenses:Health:Medical:Insurance                 27.38 USD   
  Expenses:Health:Vision:Insurance                  42.30 USD   
  Expenses:Taxes:Y2015:US:Medicare                 106.62 USD   
  Expenses:Taxes:Y2015:US:Federal                 1062.92 USD   
  Expenses:Taxes:Y2015:US:State                    365.08 USD   
  Expenses:Taxes:Y2015:US:CityNYC                  174.92 USD   
  Expenses:Taxes:Y2015:US:SDI                        1.12 USD   
  Expenses:Taxes:Y2015:US:SocSec                   281.54 USD   
  Assets:US:Federal:PreTax401k                   -1200.00 IRAUSD
  Expenses:Taxes:Y2015:US:Federal:PreTax401k      1200.00 IRAUSD
  Assets:US:Babble:Vacation                             5 VACHR 
  Income:US:Babble:Vacation                            -5 VACHR 

2015-01-01 event "employer" "Babble, 1 Continuous Loop, Bupertina, CA"

2015-01-15 * "Babble" "Payroll"
  Assets:US:BofA:Checking                         1350.60 USD   
  Assets:US:Vanguard:Cash                         1200.00 USD   
  Income:US:Babble:Salary                        -4615.38 USD   
  Income:US:Babble:GroupTermLife                   -24.32 USD   
  Expenses:Health:Life:GroupTermLife                24.32 USD   
  Expenses:Health:Dental:Insurance                   2.90 USD   
  Expenses:Health:Medical:Insurance                 27.38 USD   
  Expenses:Health:Vision:Insurance                  42.30 USD   
  Expenses:Taxes:Y2015:US:Medicare                 106.62 USD   
  Expenses:Taxes:Y2015:US:Federal                 1062.92 USD   
  Expenses:Taxes:Y2015:US:State                    365.08 USD   
  Expenses:Taxes:Y2015:US:CityNYC                  174.92 USD   
  Expenses:Taxes:Y2015:US:SDI                        1.12 USD   
  Expenses:Taxes:Y2015:US:SocSec                   281.54 USD   
  Assets:US:Federal:PreTax401k                   -1200.00 IRAUSD
  Expenses:Taxes:Y2015:US:Federal:PreTax401k      1200.00 IRAUSD
  Assets:US:Babble:Vacation                             5 VACHR 
  Income:US:Babble:Vacation                            -5 VACHR 

2015-01-29 * "Babble" "Payroll"
  Assets:US:BofA:Checking                         1350.60 USD   
  Assets:US:Vanguard:Cash                         1200.00 USD   
  Income:US:Babble:Salary                        -4615.38 USD   
  Income:US:Babble:GroupTermLife                   -24.32 USD   
  Expenses:Health:Life:GroupTermLife                24.32 USD   
  Expenses:Health:Dental:Insurance                   2.90 USD   
  Expenses:Health:Medical:Insurance                 27.38 USD   
  Expenses:Health:Vision:Insurance                  42.30 USD   
  Expenses:Taxes:Y2015:US:Medicare                 106.62 USD   
  Expenses:Taxes:Y2015:US:Federal                 1062.92 USD   
  Expenses:Taxes:Y2015:US:State                    365.08 USD   
  Expenses:Taxes:Y2015:US:CityNYC                  174.92 USD   
  Expenses:Taxes:Y2015:US:SDI                        1.12 USD   
  Expenses:Taxes:Y2015:US:SocSec                   281.54 USD   
  Assets:US:Federal:PreTax401k                   -1200.00 IRAUSD
  Expenses:Taxes:Y2015:US:Federal:PreTax401k      1200.00 IRAUSD
  Assets:US:Babble:Vacation                             5 VACHR 
  Income:US:Babble:Vacation                            -5 VACHR 

2015-02-12 * "Babble" "Payroll"
  Assets:US:BofA:Checking                         1350.60 USD   
  Assets:US:Vanguard:Cash                         1200.00 USD   
  Income:US:Babble:Salary                        -4615.38 USD   
  Income:US:Babble:GroupTermLife                   -24.32 USD   
  Expenses:Health:Life:GroupTermLife                24.32 USD   
  Expenses:Health:Dental:Insurance                   2.90 USD   
  Expenses:Health:Medical:Insurance                 27.38 USD   
  Expenses:Health:Vision:Insurance                  42.30 USD   
  Expenses:Taxes:Y2015:US:Medicare                 106.62 USD   
  Expenses:Taxes:Y2015:US:Federal                 1062.92 USD   
  Expenses:Taxes:Y2015:US:State                    365.08 USD   
  Expenses:Taxes:Y2015:US:CityNYC                  174.92 USD   
  Expenses:Taxes:Y2015:US:SDI                        1.12 USD   
  Expenses:Taxes:Y2015:US:SocSec                   281.54 USD   
  Assets:US:Federal:PreTax401k                   -1200.00 IRAUSD
  Expenses:Taxes:Y2015:US:Federal:PreTax401k      1200.00 IRAUSD
  Assets:US:Babble:Vacation                             5 VACHR 
  Income:US:Babble:Vacation                            -5 VACHR 

2015-02-26 * "Babble" "Payroll"
  Assets:US:BofA:Checking                         1350.60 USD   
  Assets:US:Vanguard:Cash                         1200.00 USD   
  Income:US:Babble:Salary                        -4615.38 USD   
  Income:US:Babble:GroupTermLife                   -24.32 USD   
  Expenses:Health:Life:GroupTermLife                24.32 USD   
  Expenses:Health:Dental:Insurance                   2.90 USD   
  Expenses:Health:Medical:Insurance                 27.38 USD   
  Expenses:Health:Vision:Insurance                  42.30 USD   
  Expenses:Taxes:Y2015:US:Medicare                 106.62 USD   
  Expenses:Taxes:Y2015:US:Federal                 1062.92 USD   
  Expenses:Taxes:Y2015:US:State                    365.08 USD   
  Expenses:Taxes:Y2015:US:CityNYC                  174.92 USD   
  Expenses:Taxes:Y2015:US:SDI                        1.12 USD   
  Expenses:Taxes:Y2015:US:SocSec                   281.54 USD   
  Assets:US:Federal:PreTax401k                   -1200.00 IRAUSD
  Expenses:Taxes:Y2015:US:Federal:PreTax401k      1200.00 IRAUSD
  Assets:US:Babble:Vacation                             5 VACHR 
  Income:US:Babble:Vacation                            -5 VACHR 

2015-03-12 * "Babble" "Payroll"
  Assets:US:BofA:Checking                         1350.60 USD   
  Assets:US:Vanguard:Cash                         1200.00 USD   
  Income:US:Babble:Salary                        -4615.38 USD   
  Income:US:Babble:GroupTermLife                   -24.32 USD   
  Expenses:Health:Life:GroupTermLife                24.32 USD   
  Expenses:Health:Dental:Insurance                   2.90 USD   
  Expenses:Health:Medical:Insurance                 27.38 USD   
  Expenses:Health:Vision:Insurance                  42.30 USD   
  Expenses:Taxes:Y2015:US:Medicare                 106.62 USD   
  Expenses:Taxes:Y2015:US:Federal                 1062.92 USD   
  Expenses:Taxes:Y2015:US:State                    365.08 USD   
  Expenses:Taxes:Y2015:US:CityNYC                  174.92 USD   
  Expenses:Taxes:Y2015:US:SDI                        1.12 USD   
  Expenses:Taxes:Y2015:US:SocSec                   281.54 USD   
  Assets:US:Federal:PreTax401k                   -1200.00 IRAUSD
  Expenses:Taxes:Y2015:US:Federal:PreTax401k      1200.00 IRAUSD
  Assets:US:Babble:Vacation                             5 VACHR 
  Income:US:Babble:Vacation                            -5 VACHR 

2015-03-26 * "Babble" "Payroll"
  Assets:US:BofA:Checking                         1350.60 USD   
  Assets:US:Vanguard:Cash                         1200.00 USD   
  Income:US:Babble:Salary                        -4615.38 USD   
  Income:US:Babble:GroupTermLife                   -24.32 USD   
  Expenses:Health:Life:GroupTermLife                24.32 USD   
  Expenses:Health:Dental:Insurance                   2.90 USD   
  Expenses:Health:Medical:Insurance                 27.38 USD   
  Expenses:Health:Vision:Insurance                  42.30 USD   
  Expenses:Taxes:Y2015:US:Medicare                 106.62 USD   
  Expenses:Taxes:Y2015:US:Federal                 1062.92 USD   
  Expenses:Taxes:Y2015:US:State                    365.08 USD   
  Expenses:Taxes:Y2015:US:CityNYC                  174.92 USD   
  Expenses:Taxes:Y2015:US:SDI                        1.12 USD   
  Expenses:Taxes:Y2015:US:SocSec                   281.54 USD   
  Assets:US:Federal:PreTax401k                   -1200.00 IRAUSD
  Expenses:Taxes:Y2015:US:Federal:PreTax401k      1200.00 IRAUSD
  Assets:US:Babble:Vacation                             5 VACHR 
  Income:US:Babble:Vacation                            -5 VACHR 

2015-04-09 * "Babble" "Payroll"
  Assets:US:BofA:Checking                         1350.60 USD   
  Assets:US:Vanguard:Cash                         1200.00 USD   
  Income:US:Babble:Salary                        -4615.38 USD   
  Income:US:Babble:GroupTermLife                   -24.32 USD   
  Expenses:Health:Life:GroupTermLife                24.32 USD   
  Expenses:Health:Dental:Insurance                   2.90 USD   
  Expenses:Health:Medical:Insurance                 27.38 USD   
  Expenses:Health:Vision:Insurance                  42.30 USD   
  Expenses:Taxes:Y2015:US:Medicare                 106.62 USD   
  Expenses:Taxes:Y2015:US:Federal                 1062.92 USD   
  Expenses:Taxes:Y2015:US:State                    365.08 USD   
  Expenses:Taxes:Y2015:US:CityNYC                  174.92 USD   
  Expenses:Taxes:Y2015:US:SDI                        1.12 USD   
  Expenses:Taxes:Y2015:US:SocSec                   281.54 USD   
  Assets:US:Federal:PreTax401k                   -1200.00 IRAUSD
  Expenses:Taxes:Y2015:US:Federal:PreTax401k      1200.00 IRAUSD
  Assets:US:Babble:Vacation                             5 VACHR 
  Income:US:Babble:Vacation                            -5 VACHR 

2015-04-23 * "Babble" "Payroll"
  Assets:US:BofA:Checking                         1350.60 USD   
  Assets:US:Vanguard:Cash                         1200.00 USD   
  Income:US:Babble:Salary                        -4615.38 USD   
  Income:US:Babble:GroupTermLife                   -24.32 USD   
  Expenses:Health:Life:GroupTermLife                24.32 USD   
  Expenses:Health:Dental:Insurance                   2.90 USD   
  Expenses:Health:Medical:Insurance                 27.38 USD   
  Expenses:Health:Vision:Insurance                  42.30 USD   
  Expenses:Taxes:Y2015:US:Medicare                 106.62 USD   
  Expenses:Taxes:Y2015:US:Federal                 1062.92 USD   
  Expenses:Taxes:Y2015:US:State                    365.08 USD   
  Expenses:Taxes:Y2015:US:CityNYC                  174.92 USD   
  Expenses:Taxes:Y2015:US:SDI                        1.12 USD   
  Expenses:Taxes:Y2015:US:SocSec                   281.54 USD   
  Assets:US:Federal:PreTax401k                   -1200.00 IRAUSD
  Expenses:Taxes:Y2015:US:Federal:PreTax401k      1200.00 IRAUSD
  Assets:US:Babble:Vacation                             5 VACHR 
  Income:US:Babble:Vacation                            -5 VACHR 

2015-05-07 * "Babble" "Payroll"
  Assets:US:BofA:Checking                         1350.60 USD   
  Assets:US:Vanguard:Cash                         1200.00 USD   
  Income:US:Babble:Salary                        -4615.38 USD   
  Income:US:Babble:GroupTermLife                   -24.32 USD   
  Expenses:Health:Life:GroupTermLife                24.32 USD   
  Expenses:Health:Dental:Insurance                   2.90 USD   
  Expenses:Health:Medical:Insurance                 27.38 USD   
  Expenses:Health:Vision:Insurance                  42.30 USD   
  Expenses:Taxes:Y2015:US:Medicare                 106.62 USD   
  Expenses:Taxes:Y2015:US:Federal                 1062.92 USD   
  Expenses:Taxes:Y2015:US:State                    365.08 USD   
  Expenses:Taxes:Y2015:US:CityNYC                  174.92 USD   
  Expenses:Taxes:Y2015:US:SDI                        1.12 USD   
  Expenses:Taxes:Y2015:US:SocSec                   281.54 USD   
  Assets:US:Federal:PreTax401k                   -1200.00 IRAUSD
  Expenses:Taxes:Y2015:US:Federal:PreTax401k      1200.00 IRAUSD
  Assets:US:Babble:Vacation                             5 VACHR 
  Income:US:Babble:Vacation                            -5 VACHR 

2015-05-21 * "Babble" "Payroll"
  Assets:US:BofA:Checking                         1350.60 USD   
  Assets:US:Vanguard:Cash                         1200.00 USD   
  Income:US:Babble:Salary                        -4615.38 USD   
  Income:US:Babble:GroupTermLife                   -24.32 USD   
  Expenses:Health:Life:GroupTermLife                24.32 USD   
  Expenses:Health:Dental:Insurance                   2.90 USD   
  Expenses:Health:Medical:Insurance                 27.38 USD   
  Expenses:Health:Vision:Insurance                  42.30 USD   
  Expenses:Taxes:Y2015:US:Medicare                 106.62 USD   
  Expenses:Taxes:Y2015:US:Federal                 1062.92 USD   
  Expenses:Taxes:Y2015:US:State                    365.08 USD   
  Expenses:Taxes:Y2015:US:CityNYC                  174.92 USD   
  Expenses:Taxes:Y2015:US:SDI                        1.12 USD   
  Expenses:Taxes:Y2015:US:SocSec                   281.54 USD   
  Assets:US:Federal:PreTax401k                   -1200.00 IRAUSD
  Expenses:Taxes:Y2015:US:Federal:PreTax401k      1200.00 IRAUSD
  Assets:US:Babble:Vacation                             5 VACHR 
  Income:US:Babble:Vacation                            -5 VACHR 

2015-06-04 * "Babble" "Payroll"
  Assets:US:BofA:Checking                         1350.60 USD   
  Assets:US:Vanguard:Cash                         1200.00 USD   
  Income:US:Babble:Salary                        -4615.38 USD   
  Income:US:Babble:GroupTermLife                   -24.32 USD   
  Expenses:Health:Life:GroupTermLife                24.32 USD   
  Expenses:Health:Dental:Insurance                   2.90 USD   
  Expenses:Health:Medical:Insurance                 27.38 USD   
  Expenses:Health:Vision:Insurance                  42.30 USD   
  Expenses:Taxes:Y2015:US:Medicare                 106.62 USD   
  Expenses:Taxes:Y2015:US:Federal                 1062.92 USD   
  Expenses:Taxes:Y2015:US:State                    365.08 USD   
  Expenses:Taxes:Y2015:US:CityNYC                  174.92 USD   
  Expenses:Taxes:Y2015:US:SDI                        1.12 USD   
  Expenses:Taxes:Y2015:US:SocSec                   281.54 USD   
  Assets:US:Federal:PreTax401k                   -1200.00 IRAUSD
  Expenses:Taxes:Y2015:US:Federal:PreTax401k      1200.00 IRAUSD
  Assets:US:Babble:Vacation                             5 VACHR 
  Income:US:Babble:Vacation                            -5 VACHR 

2015-06-18 * "Babble" "Payroll"
  Assets:US:BofA:Checking                         1350.60 USD   
  Assets:US:Vanguard:Cash                         1200.00 USD   
  Income:US:Babble:Salary                        -4615.38 USD   
  Income:US:Babble:GroupTermLife                   -24.32 USD   
  Expenses:Health:Life:GroupTermLife                24.32 USD   
  Expenses:Health:Dental:Insurance                   2.90 USD   
  Expenses:Health:Medical:Insurance                 27.38 USD   
  Expenses:Health:Vision:Insurance                  42.30 USD   
  Expenses:Taxes:Y2015:US:Medicare                 106.62 USD   
  Expenses:Taxes:Y2015:US:Federal                 1062.92 USD   
  Expenses:Taxes:Y2015:US:State                    365.08 USD   
  Expenses:Taxes:Y2015:US:CityNYC                  174.92 USD   
  Expenses:Taxes:Y2015:US:SDI                        1.12 USD   
  Expenses:Taxes:Y2015:US:SocSec                   281.54 USD   
  Assets:US:Federal:PreTax401k                   -1200.00 IRAUSD
  Expenses:Taxes:Y2015:US:Federal:PreTax401k      1200.00 IRAUSD
  Assets:US:Babble:Vacation                             5 VACHR 
  Income:US:Babble:Vacation                            -5 VACHR 

2015-07-02 * "Babble" "Payroll"
  Assets:US:BofA:Checking                         1350.60 USD   
  Assets:US:Vanguard:Cash                         1200.00 USD   
  Income:US:Babble:Salary                        -4615.38 USD   
  Income:US:Babble:GroupTermLife                   -24.32 USD   
  Expenses:Health:Life:GroupTermLife                24.32 USD   
  Expenses:Health:Dental:Insurance                   2.90 USD   
  Expenses:Health:Medical:Insurance                 27.38 USD   
  Expenses:Health:Vision:Insurance                  42.30 USD   
  Expenses:Taxes:Y2015:US:Medicare                 106.62 USD   
  Expenses:Taxes:Y2015:US:Federal                 1062.92 USD   
  Expenses:Taxes:Y2015:US:State                    365.08 USD   
  Expenses:Taxes:Y2015:US:CityNYC                  174.92 USD   
  Expenses:Taxes:Y2015:US:SDI                        1.12 USD   
  Expenses:Taxes:Y2015:US:SocSec                   281.54 USD   
  Assets:US:Federal:PreTax401k                   -1200.00 IRAUSD
  Expenses:Taxes:Y2015:US:Federal:PreTax401k      1200.00 IRAUSD
  Assets:US:Babble:Vacation                             5 VACHR 
  Income:US:Babble:Vacation                            -5 VACHR 

2015-07-16 * "Babble" "Payroll"
  Assets:US:BofA:Checking                         1350.60 USD   
  Assets:US:Vanguard:Cash                         1200.00 USD   
  Income:US:Babble:Salary                        -4615.38 USD   
  Income:US:Babble:GroupTermLife                   -24.32 USD   
  Expenses:Health:Life:GroupTermLife                24.32 USD   
  Expenses:Health:Dental:Insurance                   2.90 USD   
  Expenses:Health:Medical:Insurance                 27.38 USD   
  Expenses:Health:Vision:Insurance                  42.30 USD   
  Expenses:Taxes:Y2015:US:Medicare                 106.62 USD   
  Expenses:Taxes:Y2015:US:Federal                 1062.92 USD   
  Expenses:Taxes:Y2015:US:State                    365.08 USD   
  Expenses:Taxes:Y2015:US:CityNYC                  174.92 USD   
  Expenses:Taxes:Y2015:US:SDI                        1.12 USD   
  Expenses:Taxes:Y2015:US:SocSec                   281.54 USD   
  Assets:US:Federal:PreTax401k                   -1200.00 IRAUSD
  Expenses:Taxes:Y2015:US:Federal:PreTax401k      1200.00 IRAUSD
  Assets:US:Babble:Vacation                             5 VACHR 
  Income:US:Babble:Vacation                            -5 VACHR 

2015-07-30 * "Babble" "Payroll"
  Assets:US:BofA:Checking                         2550.60 USD   
  Income:US:Babble:Salary                        -4615.38 USD   
  Income:US:Babble:GroupTermLife                   -24.32 USD   
  Expenses:Health:Life:GroupTermLife                24.32 USD   
  Expenses:Health:Dental:Insurance                   2.90 USD   
  Expenses:Health:Medical:Insurance                 27.38 USD   
  Expenses:Health:Vision:Insurance                  42.30 USD   
  Expenses:Taxes:Y2015:US:Medicare                 106.62 USD   
  Expenses:Taxes:Y2015:US:Federal                 1062.92 USD   
  Expenses:Taxes:Y2015:US:State                    365.08 USD   
  Expenses:Taxes:Y2015:US:CityNYC                  174.92 USD   
  Expenses:Taxes:Y2015:US:SDI                        1.12 USD   
  Expenses:Taxes:Y2015:US:SocSec                   281.54 USD   
  Assets:US:Federal:PreTax401k                       0.00 IRAUSD
  Assets:US:Babble:Vacation                             5 VACHR 
  Income:US:Babble:Vacation                            -5 VACHR 

2015-08-13 * "Babble" "Payroll"
  Assets:US:BofA:Checking                         2550.60 USD   
  Income:US:Babble:Salary                        -4615.38 USD   
  Income:US:Babble:GroupTermLife                   -24.32 USD   
  Expenses:Health:Life:GroupTermLife                24.32 USD   
  Expenses:Health:Dental:Insurance                   2.90 USD   
  Expenses:Health:Medical:Insurance                 27.38 USD   
  Expenses:Health:Vision:Insurance                  42.30 USD   
  Expenses:Taxes:Y2015:US:Medicare                 106.62 USD   
  Expenses:Taxes:Y2015:US:Federal                 1062.92 USD   
  Expenses:Taxes:Y2015:US:State                    365.08 USD   
  Expenses:Taxes:Y2015:US:CityNYC                  174.92 USD   
  Expenses:Taxes:Y2015:US:SDI                        1.12 USD   
  Expenses:Taxes:Y2015:US:SocSec                   281.54 USD   
  Assets:US:Federal:PreTax401k                       0.00 IRAUSD
  Assets:US:Babble:Vacation                             5 VACHR 
  Income:US:Babble:Vacation                            -5 VACHR 

2015-08-27 * "Babble" "Payroll"
  Assets:US:BofA:Checking                         2550.60 USD   
  Income:US:Babble:Salary                        -4615.38 USD   
  Income:US:Babble:GroupTermLife                   -24.32 USD   
  Expenses:Health:Life:GroupTermLife                24.32 USD   
  Expenses:Health:Dental:Insurance                   2.90 USD   
  Expenses:Health:Medical:Insurance                 27.38 USD   
  Expenses:Health:Vision:Insurance                  42.30 USD   
  Expenses:Taxes:Y2015:US:Medicare                 106.62 USD   
  Expenses:Taxes:Y2015:US:Federal                 1062.92 USD   
  Expenses:Taxes:Y2015:US:State                    365.08 USD   
  Expenses:Taxes:Y2015:US:CityNYC                  174.92 USD   
  Expenses:Taxes:Y2015:US:SDI                        1.12 USD   
  Expenses:Taxes:Y2015:US:SocSec                   281.54 USD   
  Assets:US:Federal:PreTax401k                       0.00 IRAUSD
  Assets:US:Babble:Vacation                             5 VACHR 
  Income:US:Babble:Vacation                            -5 VACHR 

2015-09-10 * "Babble" "Payroll"
  Assets:US:BofA:Checking                         2550.60 USD   
  Income:US:Babble:Salary                        -4615.38 USD   
  Income:US:Babble:GroupTermLife                   -24.32 USD   
  Expenses:Health:Life:GroupTermLife                24.32 USD   
  Expenses:Health:Dental:Insurance                   2.90 USD   
  Expenses:Health:Medical:Insurance                 27.38 USD   
  Expenses:Health:Vision:Insurance                  42.30 USD   
  Expenses:Taxes:Y2015:US:Medicare                 106.62 USD   
  Expenses:Taxes:Y2015:US:Federal                 1062.92 USD   
  Expenses:Taxes:Y2015:US:State                    365.08 USD   
  Expenses:Taxes:Y2015:US:CityNYC                  174.92 USD   
  Expenses:Taxes:Y2015:US:SDI                        1.12 USD   
  Expenses:Taxes:Y2015:US:SocSec                   281.54 USD   
  Assets:US:Federal:PreTax401k                       0.00 IRAUSD
  Assets:US:Babble:Vacation                             5 VACHR 
  Income:US:Babble:Vacation                            -5 VACHR 

2015-09-24 * "Babble" "Payroll"
  Assets:US:BofA:Checking                         2550.60 USD   
  Income:US:Babble:Salary                        -4615.38 USD   
  Income:US:Babble:GroupTermLife                   -24.32 USD   
  Expenses:Health:Life:GroupTermLife                24.32 USD   
  Expenses:Health:Dental:Insurance                   2.90 USD   
  Expenses:Health:Medical:Insurance                 27.38 USD   
  Expenses:Health:Vision:Insurance                  42.30 USD   
  Expenses:Taxes:Y2015:US:Medicare                 106.62 USD   
  Expenses:Taxes:Y2015:US:Federal                 1062.92 USD   
  Expenses:Taxes:Y2015:US:State                    365.08 USD   
  Expenses:Taxes:Y2015:US:CityNYC                  174.92 USD   
  Expenses:Taxes:Y2015:US:SDI                        1.12 USD   
  Expenses:Taxes:Y2015:US:SocSec                   281.54 USD   
  Assets:US:Federal:PreTax401k                       0.00 IRAUSD
  Assets:US:Babble:Vacation                             5 VACHR 
  Income:US:Babble:Vacation                            -5 VACHR 

2015-10-08 * "Babble" "Payroll"
  Assets:US:BofA:Checking                         2550.60 USD   
  Income:US:Babble:Salary                        -4615.38 USD   
  Income:US:Babble:GroupTermLife                   -24.32 USD   
  Expenses:Health:Life:GroupTermLife                24.32 USD   
  Expenses:Health:Dental:Insurance                   2.90 USD   
  Expenses:Health:Medical:Insurance                 27.38 USD   
  Expenses:Health:Vision:Insurance                  42.30 USD   
  Expenses:Taxes:Y2015:US:Medicare                 106.62 USD   
  Expenses:Taxes:Y2015:US:Federal                 1062.92 USD   
  Expenses:Taxes:Y2015:US:State                    365.08 USD   
  Expenses:Taxes:Y2015:US:CityNYC                  174.92 USD   
  Expenses:Taxes:Y2015:US:SDI                        1.12 USD   
  Expenses:Taxes:Y2015:US:SocSec                   281.54 USD   
  Assets:US:Federal:PreTax401k                       0.00 IRAUSD
  Assets:US:Babble:Vacation                             5 VACHR 
  Income:US:Babble:Vacation                            -5 VACHR 

2015-10-22 * "Babble" "Payroll"
  Assets:US:BofA:Checking                         2550.60 USD   
  Income:US:Babble:Salary                        -4615.38 USD   
  Income:US:Babble:GroupTermLife                   -24.32 USD   
  Expenses:Health:Life:GroupTermLife                24.32 USD   
  Expenses:Health:Dental:Insurance                   2.90 USD   
  Expenses:Health:Medical:Insurance                 27.38 USD   
  Expenses:Health:Vision:Insurance                  42.30 USD   
  Expenses:Taxes:Y2015:US:Medicare                 106.62 USD   
  Expenses:Taxes:Y2015:US:Federal                 1062.92 USD   
  Expenses:Taxes:Y2015:US:State                    365.08 USD   
  Expenses:Taxes:Y2015:US:CityNYC                  174.92 USD   
  Expenses:Taxes:Y2015:US:SDI                        1.12 USD   
  Expenses:Taxes:Y2015:US:SocSec                   281.54 USD   
  Assets:US:Federal:PreTax401k                       0.00 IRAUSD
  Assets:US:Babble:Vacation                             5 VACHR 
  Income:US:Babble:Vacation                            -5 VACHR 

2015-11-05 * "Babble" "Payroll"
  Assets:US:BofA:Checking                         2550.60 USD   
  Income:US:Babble:Salary                        -4615.38 USD   
  Income:US:Babble:GroupTermLife                   -24.32 USD   
  Expenses:Health:Life:GroupTermLife                24.32 USD   
  Expenses:Health:Dental:Insurance                   2.90 USD   
  Expenses:Health:Medical:Insurance                 27.38 USD   
  Expenses:Health:Vision:Insurance                  42.30 USD   
  Expenses:Taxes:Y2015:US:Medicare                 106.62 USD   
  Expenses:Taxes:Y2015:US:Federal                 1062.92 USD   
  Expenses:Taxes:Y2015:US:State                    365.08 USD   
  Expenses:Taxes:Y2015:US:CityNYC                  174.92 USD   
  Expenses:Taxes:Y2015:US:SDI                        1.12 USD   
  Expenses:Taxes:Y2015:US:SocSec                   281.54 USD   
  Assets:US:Federal:PreTax401k                       0.00 IRAUSD
  Assets:US:Babble:Vacation                             5 VACHR 
  Income:US:Babble:Vacation                            -5 VACHR 

2015-11-19 * "Babble" "Payroll"
  Assets:US:BofA:Checking                         2550.60 USD   
  Income:US:Babble:Salary                        -4615.38 USD   
  Income:US:Babble:GroupTermLife                   -24.32 USD   
  Expenses:Health:Life:GroupTermLife                24.32 USD   
  Expenses:Health:Dental:Insurance                   2.90 USD   
  Expenses:Health:Medical:Insurance                 27.38 USD   
  Expenses:Health:Vision:Insurance                  42.30 USD   
  Expenses:Taxes:Y2015:US:Medicare                 106.62 USD   
  Expenses:Taxes:Y2015:US:Federal                 1062.92 USD   
  Expenses:Taxes:Y2015:US:State                    365.08 USD   
  Expenses:Taxes:Y2015:US:CityNYC                  174.92 USD   
  Expenses:Taxes:Y2015:US:SDI                        1.12 USD   
  Expenses:Taxes:Y2015:US:SocSec                   281.54 USD   
  Assets:US:Federal:PreTax401k                       0.00 IRAUSD
  Assets:US:Babble:Vacation                             5 VACHR 
  Income:US:Babble:Vacation                            -5 VACHR 

2015-12-03 * "Babble" "Payroll"
  Assets:US:BofA:Checking                         2589.06 USD   
  Income:US:Babble:Salary                        -4615.38 USD   
  Income:US:Babble:GroupTermLife                   -24.32 USD   
  Expenses:Health:Life:GroupTermLife                24.32 USD   
  Expenses:Health:Dental:Insurance                   2.90 USD   
  Expenses:Health:Medical:Insurance                 27.38 USD   
  Expenses:Health:Vision:Insurance                  42.30 USD   
  Expenses:Taxes:Y2015:US:Medicare                 106.62 USD   
  Expenses:Taxes:Y2015:US:Federal                 1062.92 USD   
  Expenses:Taxes:Y2015:US:State                    365.08 USD   
  Expenses:Taxes:Y2015:US:CityNYC                  174.92 USD   
  Expenses:Taxes:Y2015:US:SDI                        1.12 USD   
  Expenses:Taxes:Y2015:US:SocSec                   243.08 USD   
  Assets:US:Federal:PreTax401k                       0.00 IRAUSD
  Assets:US:Babble:Vacation                             5 VACHR 
  Income:US:Babble:Vacation                            -5 VACHR 

2015-12-17 * "Babble" "Payroll"
  Assets:US:BofA:Checking                         2832.14 USD   
  Income:US:Babble:Salary                        -4615.38 USD   
  Income:US:Babble:GroupTermLife                   -24.32 USD   
  Expenses:Health:Life:GroupTermLife                24.32 USD   
  Expenses:Health:Dental:Insurance                   2.90 USD   
  Expenses:Health:Medical:Insurance                 27.38 USD   
  Expenses:Health:Vision:Insurance                  42.30 USD   
  Expenses:Taxes:Y2015:US:Medicare                 106.62 USD   
  Expenses:Taxes:Y2015:US:Federal                 1062.92 USD   
  Expenses:Taxes:Y2015:US:State                    365.08 USD   
  Expenses:Taxes:Y2015:US:CityNYC                  174.92 USD   
  Expenses:Taxes:Y2015:US:SDI                        1.12 USD   
  Expenses:Taxes:Y2015:US:SocSec                     0.00 USD   
  Assets:US:Federal:PreTax401k                       0.00 IRAUSD
  Assets:US:Babble:Vacation                             5 VACHR 
  Income:US:Babble:Vacation                            -5 VACHR 

2015-12-31 * "Babble" "Payroll"
  Assets:US:BofA:Checking                         2832.14 USD   
  Income:US:Babble:Salary                        -4615.38 USD   
  Income:US:Babble:GroupTermLife                   -24.32 USD   
  Expenses:Health:Life:GroupTermLife                24.32 USD   
  Expenses:Health:Dental:Insurance                   2.90 USD   
  Expenses:Health:Medical:Insurance                 27.38 USD   
  Expenses:Health:Vision:Insurance                  42.30 USD   
  Expenses:Taxes:Y2015:US:Medicare                 106.62 USD   
  Expenses:Taxes:Y2015:US:Federal                 1062.92 USD   
  Expenses:Taxes:Y2015:US:State                    365.08 USD   
  Expenses:Taxes:Y2015:US:CityNYC                  174.92 USD   
  Expenses:Taxes:Y2015:US:SDI                        1.12 USD   
  Expenses:Taxes:Y2015:US:SocSec                     0.00 USD   
  Assets:US:Federal:PreTax401k                       0.00 IRAUSD
  Assets:US:Babble:Vacation                             5 VACHR 
  Income:US:Babble:Vacation                            -5 VACHR 

2016-01-14 * "Babble" "Payroll"
  Assets:US:BofA:Checking                         1350.60 USD   
  Assets:US:Vanguard:Cash                         1200.00 USD   
  Income:US:Babble:Salary                        -4615.38 USD   
  Income:US:Babble:GroupTermLife                   -24.32 USD   
  Expenses:Health:Life:GroupTermLife                24.32 USD   
  Expenses:Health:Dental:Insurance                   2.90 USD   
  Expenses:Health:Medical:Insurance                 27.38 USD   
  Expenses:Health:Vision:Insurance                  42.30 USD   
  Expenses:Taxes:Y2016:US:Medicare                 106.62 USD   
  Expenses:Taxes:Y2016:US:Federal                 1062.92 USD   
  Expenses:Taxes:Y2016:US:State                    365.08 USD   
  Expenses:Taxes:Y2016:US:CityNYC                  174.92 USD   
  Expenses:Taxes:Y2016:US:SDI                        1.12 USD   
  Expenses:Taxes:Y2016:US:SocSec                   281.54 USD   
  Assets:US:Federal:PreTax401k                   -1200.00 IRAUSD
  Expenses:Taxes:Y2016:US:Federal:PreTax401k      1200.00 IRAUSD
  Assets:US:Babble:Vacation                             5 VACHR 
  Income:US:Babble:Vacation                            -5 VACHR 

2016-01-28 * "Babble" "Payroll"
  Assets:US:BofA:Checking                         1350.60 USD   
  Assets:US:Vanguard:Cash                         1200.00 USD   
  Income:US:Babble:Salary                        -4615.38 USD   
  Income:US:Babble:GroupTermLife                   -24.32 USD   
  Expenses:Health:Life:GroupTermLife                24.32 USD   
  Expenses:Health:Dental:Insurance                   2.90 USD   
  Expenses:Health:Medical:Insurance                 27.38 USD   
  Expenses:Health:Vision:Insurance                  42.30 USD   
  Expenses:Taxes:Y2016:US:Medicare                 106.62 USD   
  Expenses:Taxes:Y2016:US:Federal                 1062.92 USD   
  Expenses:Taxes:Y2016:US:State                    365.08 USD   
  Expenses:Taxes:Y2016:US:CityNYC                  174.92 USD   
  Expenses:Taxes:Y2016:US:SDI                        1.12 USD   
  Expenses:Taxes:Y2016:US:SocSec                   281.54 USD   
  Assets:US:Federal:PreTax401k                   -1200.00 IRAUSD
  Expenses:Taxes:Y2016:US:Federal:PreTax401k      1200.00 IRAUSD
  Assets:US:Babble:Vacation                             5 VACHR 
  Income:US:Babble:Vacation                            -5 VACHR 

2016-02-11 * "Babble" "Payroll"
  Assets:US:BofA:Checking                         1350.60 USD   
  Assets:US:Vanguard:Cash                         1200.00 USD   
  Income:US:Babble:Salary                        -4615.38 USD   
  Income:US:Babble:GroupTermLife                   -24.32 USD   
  Expenses:Health:Life:GroupTermLife                24.32 USD   
  Expenses:Health:Dental:Insurance                   2.90 USD   
  Expenses:Health:Medical:Insurance                 27.38 USD   
  Expenses:Health:Vision:Insurance                  42.30 USD   
  Expenses:Taxes:Y2016:US:Medicare                 106.62 USD   
  Expenses:Taxes:Y2016:US:Federal                 1062.92 USD   
  Expenses:Taxes:Y2016:US:State                    365.08 USD   
  Expenses:Taxes:Y2016:US:CityNYC                  174.92 USD   
  Expenses:Taxes:Y2016:US:SDI                        1.12 USD   
  Expenses:Taxes:Y2016:US:SocSec                   281.54 USD   
  Assets:US:Federal:PreTax401k                   -1200.00 IRAUSD
  Expenses:Taxes:Y2016:US:Federal:PreTax401k      1200.00 IRAUSD
  Assets:US:Babble:Vacation                             5 VACHR 
  Income:US:Babble:Vacation                            -5 VACHR 

2016-02-25 * "Babble" "Payroll"
  Assets:US:BofA:Checking                         1350.60 USD   
  Assets:US:Vanguard:Cash                         1200.00 USD   
  Income:US:Babble:Salary                        -4615.38 USD   
  Income:US:Babble:GroupTermLife                   -24.32 USD   
  Expenses:Health:Life:GroupTermLife                24.32 USD   
  Expenses:Health:Dental:Insurance                   2.90 USD   
  Expenses:Health:Medical:Insurance                 27.38 USD   
  Expenses:Health:Vision:Insurance                  42.30 USD   
  Expenses:Taxes:Y2016:US:Medicare                 106.62 USD   
  Expenses:Taxes:Y2016:US:Federal                 1062.92 USD   
  Expenses:Taxes:Y2016:US:State                    365.08 USD   
  Expenses:Taxes:Y2016:US:CityNYC                  174.92 USD   
  Expenses:Taxes:Y2016:US:SDI                        1.12 USD   
  Expenses:Taxes:Y2016:US:SocSec                   281.54 USD   
  Assets:US:Federal:PreTax401k                   -1200.00 IRAUSD
  Expenses:Taxes:Y2016:US:Federal:PreTax401k      1200.00 IRAUSD
  Assets:US:Babble:Vacation                             5 VACHR 
  Income:US:Babble:Vacation                            -5 VACHR 

2016-03-10 * "Babble" "Payroll"
  Assets:US:BofA:Checking                         1350.60 USD   
  Assets:US:Vanguard:Cash                         1200.00 USD   
  Income:US:Babble:Salary                        -4615.38 USD   
  Income:US:Babble:GroupTermLife                   -24.32 USD   
  Expenses:Health:Life:GroupTermLife                24.32 USD   
  Expenses:Health:Dental:Insurance                   2.90 USD   
  Expenses:Health:Medical:Insurance                 27.38 USD   
  Expenses:Health:Vision:Insurance                  42.30 USD   
  Expenses:Taxes:Y2016:US:Medicare                 106.62 USD   
  Expenses:Taxes:Y2016:US:Federal                 1062.92 USD   
  Expenses:Taxes:Y2016:US:State                    365.08 USD   
  Expenses:Taxes:Y2016:US:CityNYC                  174.92 USD   
  Expenses:Taxes:Y2016:US:SDI                        1.12 USD   
  Expenses:Taxes:Y2016:US:SocSec                   281.54 USD   
  Assets:US:Federal:PreTax401k                   -1200.00 IRAUSD
  Expenses:Taxes:Y2016:US:Federal:PreTax401k      1200.00 IRAUSD
  Assets:US:Babble:Vacation                             5 VACHR 
  Income:US:Babble:Vacation                            -5 VACHR 

2016-03-24 * "Babble" "Payroll"
  Assets:US:BofA:Checking                         1350.60 USD   
  Assets:US:Vanguard:Cash                         1200.00 USD   
  Income:US:Babble:Salary                        -4615.38 USD   
  Income:US:Babble:GroupTermLife                   -24.32 USD   
  Expenses:Health:Life:GroupTermLife                24.32 USD   
  Expenses:Health:Dental:Insurance                   2.90 USD   
  Expenses:Health:Medical:Insurance                 27.38 USD   
  Expenses:Health:Vision:Insurance                  42.30 USD   
  Expenses:Taxes:Y2016:US:Medicare                 106.62 USD   
  Expenses:Taxes:Y2016:US:Federal                 1062.92 USD   
  Expenses:Taxes:Y2016:US:State                    365.08 USD   
  Expenses:Taxes:Y2016:US:CityNYC                  174.92 USD   
  Expenses:Taxes:Y2016:US:SDI                        1.12 USD   
  Expenses:Taxes:Y2016:US:SocSec                   281.54 USD   
  Assets:US:Federal:PreTax401k                   -1200.00 IRAUSD
  Expenses:Taxes:Y2016:US:Federal:PreTax401k      1200.00 IRAUSD
  Assets:US:Babble:Vacation                             5 VACHR 
  Income:US:Babble:Vacation                            -5 VACHR 

2016-04-07 * "Babble" "Payroll"
  Assets:US:BofA:Checking                         1350.60 USD   
  Assets:US:Vanguard:Cash                         1200.00 USD   
  Income:US:Babble:Salary                        -4615.38 USD   
  Income:US:Babble:GroupTermLife                   -24.32 USD   
  Expenses:Health:Life:GroupTermLife                24.32 USD   
  Expenses:Health:Dental:Insurance                   2.90 USD   
  Expenses:Health:Medical:Insurance                 27.38 USD   
  Expenses:Health:Vision:Insurance                  42.30 USD   
  Expenses:Taxes:Y2016:US:Medicare                 106.62 USD   
  Expenses:Taxes:Y2016:US:Federal                 1062.92 USD   
  Expenses:Taxes:Y2016:US:State                    365.08 USD   
  Expenses:Taxes:Y2016:US:CityNYC                  174.92 USD   
  Expenses:Taxes:Y2016:US:SDI                        1.12 USD   
  Expenses:Taxes:Y2016:US:SocSec                   281.54 USD   
  Assets:US:Federal:PreTax401k                   -1200.00 IRAUSD
  Expenses:Taxes:Y2016:US:Federal:PreTax401k      1200.00 IRAUSD
  Assets:US:Babble:Vacation                             5 VACHR 
  Income:US:Babble:Vacation                            -5 VACHR 

2016-04-21 * "Babble" "Payroll"
  Assets:US:BofA:Checking                         1350.60 USD   
  Assets:US:Vanguard:Cash                         1200.00 USD   
  Income:US:Babble:Salary                        -4615.38 USD   
  Income:US:Babble:GroupTermLife                   -24.32 USD   
  Expenses:Health:Life:GroupTermLife                24.32 USD   
  Expenses:Health:Dental:Insurance                   2.90 USD   
  Expenses:Health:Medical:Insurance                 27.38 USD   
  Expenses:Health:Vision:Insurance                  42.30 USD   
  Expenses:Taxes:Y2016:US:Medicare                 106.62 USD   
  Expenses:Taxes:Y2016:US:Federal                 1062.92 USD   
  Expenses:Taxes:Y2016:US:State                    365.08 USD   
  Expenses:Taxes:Y2016:US:CityNYC                  174.92 USD   
  Expenses:Taxes:Y2016:US:SDI                        1.12 USD   
  Expenses:Taxes:Y2016:US:SocSec                   281.54 USD   
  Assets:US:Federal:PreTax401k                   -1200.00 IRAUSD
  Expenses:Taxes:Y2016:US:Federal:PreTax401k      1200.00 IRAUSD
  Assets:US:Babble:Vacation                             5 VACHR 
  Income:US:Babble:Vacation                            -5 VACHR 

2016-05-05 * "Babble" "Payroll"
  Assets:US:BofA:Checking                         1350.60 USD   
  Assets:US:Vanguard:Cash                         1200.00 USD   
  Income:US:Babble:Salary                        -4615.38 USD   
  Income:US:Babble:GroupTermLife                   -24.32 USD   
  Expenses:Health:Life:GroupTermLife                24.32 USD   
  Expenses:Health:Dental:Insurance                   2.90 USD   
  Expenses:Health:Medical:Insurance                 27.38 USD   
  Expenses:Health:Vision:Insurance                  42.30 USD   
  Expenses:Taxes:Y2016:US:Medicare                 106.62 USD   
  Expenses:Taxes:Y2016:US:Federal                 1062.92 USD   
  Expenses:Taxes:Y2016:US:State                    365.08 USD   
  Expenses:Taxes:Y2016:US:CityNYC                  174.92 USD   
  Expenses:Taxes:Y2016:US:SDI                        1.12 USD   
  Expenses:Taxes:Y2016:US:SocSec                   281.54 USD   
  Assets:US:Federal:PreTax401k                   -1200.00 IRAUSD
  Expenses:Taxes:Y2016:US:Federal:PreTax401k      1200.00 IRAUSD
  Assets:US:Babble:Vacation                             5 VACHR 
  Income:US:Babble:Vacation                            -5 VACHR 

2016-05-19 * "Babble" "Payroll"
  Assets:US:BofA:Checking                         1350.60 USD   
  Assets:US:Vanguard:Cash                         1200.00 USD   
  Income:US:Babble:Salary                        -4615.38 USD   
  Income:US:Babble:GroupTermLife                   -24.32 USD   
  Expenses:Health:Life:GroupTermLife                24.32 USD   
  Expenses:Health:Dental:Insurance                   2.90 USD   
  Expenses:Health:Medical:Insurance                 27.38 USD   
  Expenses:Health:Vision:Insurance                  42.30 USD   
  Expenses:Taxes:Y2016:US:Medicare                 106.62 USD   
  Expenses:Taxes:Y2016:US:Federal                 1062.92 USD   
  Expenses:Taxes:Y2016:US:State                    365.08 USD   
  Expenses:Taxes:Y2016:US:CityNYC                  174.92 USD   
  Expenses:Taxes:Y2016:US:SDI                        1.12 USD   
  Expenses:Taxes:Y2016:US:SocSec                   281.54 USD   
  Assets:US:Federal:PreTax401k                   -1200.00 IRAUSD
  Expenses:Taxes:Y2016:US:Federal:PreTax401k      1200.00 IRAUSD
  Assets:US:Babble:Vacation                             5 VACHR 
  Income:US:Babble:Vacation                            -5 VACHR 

2016-06-02 * "Babble" "Payroll"
  Assets:US:BofA:Checking                         1350.60 USD   
  Assets:US:Vanguard:Cash                         1200.00 USD   
  Income:US:Babble:Salary                        -4615.38 USD   
  Income:US:Babble:GroupTermLife                   -24.32 USD   
  Expenses:Health:Life:GroupTermLife                24.32 USD   
  Expenses:Health:Dental:Insurance                   2.90 USD   
  Expenses:Health:Medical:Insurance                 27.38 USD   
  Expenses:Health:Vision:Insurance                  42.30 USD   
  Expenses:Taxes:Y2016:US:Medicare                 106.62 USD   
  Expenses:Taxes:Y2016:US:Federal                 1062.92 USD   
  Expenses:Taxes:Y2016:US:State                    365.08 USD   
  Expenses:Taxes:Y2016:US:CityNYC                  174.92 USD   
  Expenses:Taxes:Y2016:US:SDI                        1.12 USD   
  Expenses:Taxes:Y2016:US:SocSec                   281.54 USD   
  Assets:US:Federal:PreTax401k                   -1200.00 IRAUSD
  Expenses:Taxes:Y2016:US:Federal:PreTax401k      1200.00 IRAUSD
  Assets:US:Babble:Vacation                             5 VACHR 
  Income:US:Babble:Vacation                            -5 VACHR 

2016-06-16 * "Babble" "Payroll"
  Assets:US:BofA:Checking                         1350.60 USD   
  Assets:US:Vanguard:Cash                         1200.00 USD   
  Income:US:Babble:Salary                        -4615.38 USD   
  Income:US:Babble:GroupTermLife                   -24.32 USD   
  Expenses:Health:Life:GroupTermLife                24.32 USD   
  Expenses:Health:Dental:Insurance                   2.90 USD   
  Expenses:Health:Medical:Insurance                 27.38 USD   
  Expenses:Health:Vision:Insurance                  42.30 USD   
  Expenses:Taxes:Y2016:US:Medicare                 106.62 USD   
  Expenses:Taxes:Y2016:US:Federal                 1062.92 USD   
  Expenses:Taxes:Y2016:US:State                    365.08 USD   
  Expenses:Taxes:Y2016:US:CityNYC                  174.92 USD   
  Expenses:Taxes:Y2016:US:SDI                        1.12 USD   
  Expenses:Taxes:Y2016:US:SocSec                   281.54 USD   
  Assets:US:Federal:PreTax401k                   -1200.00 IRAUSD
  Expenses:Taxes:Y2016:US:Federal:PreTax401k      1200.00 IRAUSD
  Assets:US:Babble:Vacation                             5 VACHR 
  Income:US:Babble:Vacation                            -5 VACHR 

2016-06-30 * "Babble" "Payroll"
  Assets:US:BofA:Checking                         1350.60 USD   
  Assets:US:Vanguard:Cash                         1200.00 USD   
  Income:US:Babble:Salary                        -4615.38 USD   
  Income:US:Babble:GroupTermLife                   -24.32 USD   
  Expenses:Health:Life:GroupTermLife                24.32 USD   
  Expenses:Health:Dental:Insurance                   2.90 USD   
  Expenses:Health:Medical:Insurance                 27.38 USD   
  Expenses:Health:Vision:Insurance                  42.30 USD   
  Expenses:Taxes:Y2016:US:Medicare                 106.62 USD   
  Expenses:Taxes:Y2016:US:Federal                 1062.92 USD   
  Expenses:Taxes:Y2016:US:State                    365.08 USD   
  Expenses:Taxes:Y2016:US:CityNYC                  174.92 USD   
  Expenses:Taxes:Y2016:US:SDI                        1.12 USD   
  Expenses:Taxes:Y2016:US:SocSec                   281.54 USD   
  Assets:US:Federal:PreTax401k                   -1200.00 IRAUSD
  Expenses:Taxes:Y2016:US:Federal:PreTax401k      1200.00 IRAUSD
  Assets:US:Babble:Vacation                             5 VACHR 
  Income:US:Babble:Vacation                            -5 VACHR 

2016-07-14 * "Babble" "Payroll"
  Assets:US:BofA:Checking                         1350.60 USD   
  Assets:US:Vanguard:Cash                         1200.00 USD   
  Income:US:Babble:Salary                        -4615.38 USD   
  Income:US:Babble:GroupTermLife                   -24.32 USD   
  Expenses:Health:Life:GroupTermLife                24.32 USD   
  Expenses:Health:Dental:Insurance                   2.90 USD   
  Expenses:Health:Medical:Insurance                 27.38 USD   
  Expenses:Health:Vision:Insurance                  42.30 USD   
  Expenses:Taxes:Y2016:US:Medicare                 106.62 USD   
  Expenses:Taxes:Y2016:US:Federal                 1062.92 USD   
  Expenses:Taxes:Y2016:US:State                    365.08 USD   
  Expenses:Taxes:Y2016:US:CityNYC                  174.92 USD   
  Expenses:Taxes:Y2016:US:SDI                        1.12 USD   
  Expenses:Taxes:Y2016:US:SocSec                   281.54 USD   
  Assets:US:Federal:PreTax401k                   -1200.00 IRAUSD
  Expenses:Taxes:Y2016:US:Federal:PreTax401k      1200.00 IRAUSD
  Assets:US:Babble:Vacation                             5 VACHR 
  Income:US:Babble:Vacation                            -5 VACHR 

2016-07-28 * "Babble" "Payroll"
  Assets:US:BofA:Checking                         1350.60 USD   
  Assets:US:Vanguard:Cash                         1200.00 USD   
  Income:US:Babble:Salary                        -4615.38 USD   
  Income:US:Babble:GroupTermLife                   -24.32 USD   
  Expenses:Health:Life:GroupTermLife                24.32 USD   
  Expenses:Health:Dental:Insurance                   2.90 USD   
  Expenses:Health:Medical:Insurance                 27.38 USD   
  Expenses:Health:Vision:Insurance                  42.30 USD   
  Expenses:Taxes:Y2016:US:Medicare                 106.62 USD   
  Expenses:Taxes:Y2016:US:Federal                 1062.92 USD   
  Expenses:Taxes:Y2016:US:State                    365.08 USD   
  Expenses:Taxes:Y2016:US:CityNYC                  174.92 USD   
  Expenses:Taxes:Y2016:US:SDI                        1.12 USD   
  Expenses:Taxes:Y2016:US:SocSec                   281.54 USD   
  Assets:US:Federal:PreTax401k                   -1200.00 IRAUSD
  Expenses:Taxes:Y2016:US:Federal:PreTax401k      1200.00 IRAUSD
  Assets:US:Babble:Vacation                             5 VACHR 
  Income:US:Babble:Vacation                            -5 VACHR 

2016-08-11 * "Babble" "Payroll"
  Assets:US:BofA:Checking                         2550.60 USD   
  Income:US:Babble:Salary                        -4615.38 USD   
  Income:US:Babble:GroupTermLife                   -24.32 USD   
  Expenses:Health:Life:GroupTermLife                24.32 USD   
  Expenses:Health:Dental:Insurance                   2.90 USD   
  Expenses:Health:Medical:Insurance                 27.38 USD   
  Expenses:Health:Vision:Insurance                  42.30 USD   
  Expenses:Taxes:Y2016:US:Medicare                 106.62 USD   
  Expenses:Taxes:Y2016:US:Federal                 1062.92 USD   
  Expenses:Taxes:Y2016:US:State                    365.08 USD   
  Expenses:Taxes:Y2016:US:CityNYC                  174.92 USD   
  Expenses:Taxes:Y2016:US:SDI                        1.12 USD   
  Expenses:Taxes:Y2016:US:SocSec                   281.54 USD   
  Assets:US:Federal:PreTax401k                       0.00 IRAUSD
  Assets:US:Babble:Vacation                             5 VACHR 
  Income:US:Babble:Vacation                            -5 VACHR 

2016-08-25 * "Babble" "Payroll"
  Assets:US:BofA:Checking                         2550.60 USD   
  Income:US:Babble:Salary                        -4615.38 USD   
  Income:US:Babble:GroupTermLife                   -24.32 USD   
  Expenses:Health:Life:GroupTermLife                24.32 USD   
  Expenses:Health:Dental:Insurance                   2.90 USD   
  Expenses:Health:Medical:Insurance                 27.38 USD   
  Expenses:Health:Vision:Insurance                  42.30 USD   
  Expenses:Taxes:Y2016:US:Medicare                 106.62 USD   
  Expenses:Taxes:Y2016:US:Federal                 1062.92 USD   
  Expenses:Taxes:Y2016:US:State                    365.08 USD   
  Expenses:Taxes:Y2016:US:CityNYC                  174.92 USD   
  Expenses:Taxes:Y2016:US:SDI                        1.12 USD   
  Expenses:Taxes:Y2016:US:SocSec                   281.54 USD   
  Assets:US:Federal:PreTax401k                       0.00 IRAUSD
  Assets:US:Babble:Vacation                             5 VACHR 
  Income:US:Babble:Vacation                            -5 VACHR 

2016-09-08 * "Babble" "Payroll"
  Assets:US:BofA:Checking                         2550.60 USD   
  Income:US:Babble:Salary                        -4615.38 USD   
  Income:US:Babble:GroupTermLife                   -24.32 USD   
  Expenses:Health:Life:GroupTermLife                24.32 USD   
  Expenses:Health:Dental:Insurance                   2.90 USD   
  Expenses:Health:Medical:Insurance                 27.38 USD   
  Expenses:Health:Vision:Insurance                  42.30 USD   
  Expenses:Taxes:Y2016:US:Medicare                 106.62 USD   
  Expenses:Taxes:Y2016:US:Federal                 1062.92 USD   
  Expenses:Taxes:Y2016:US:State                    365.08 USD   
  Expenses:Taxes:Y2016:US:CityNYC                  174.92 USD   
  Expenses:Taxes:Y2016:US:SDI                        1.12 USD   
  Expenses:Taxes:Y2016:US:SocSec                   281.54 USD   
  Assets:US:Federal:PreTax401k                       0.00 IRAUSD
  Assets:US:Babble:Vacation                             5 VACHR 
  Income:US:Babble:Vacation                            -5 VACHR 

2016-09-22 * "Babble" "Payroll"
  Assets:US:BofA:Checking                         2550.60 USD   
  Income:US:Babble:Salary                        -4615.38 USD   
  Income:US:Babble:GroupTermLife                   -24.32 USD   
  Expenses:Health:Life:GroupTermLife                24.32 USD   
  Expenses:Health:Dental:Insurance                   2.90 USD   
  Expenses:Health:Medical:Insurance                 27.38 USD   
  Expenses:Health:Vision:Insurance                  42.30 USD   
  Expenses:Taxes:Y2016:US:Medicare                 106.62 USD   
  Expenses:Taxes:Y2016:US:Federal                 1062.92 USD   
  Expenses:Taxes:Y2016:US:State                    365.08 USD   
  Expenses:Taxes:Y2016:US:CityNYC                  174.92 USD   
  Expenses:Taxes:Y2016:US:SDI                        1.12 USD   
  Expenses:Taxes:Y2016:US:SocSec                   281.54 USD   
  Assets:US:Federal:PreTax401k                       0.00 IRAUSD
  Assets:US:Babble:Vacation                             5 VACHR 
  Income:US:Babble:Vacation                            -5 VACHR 

2016-10-06 * "Babble" "Payroll"
  Assets:US:BofA:Checking                         2550.60 USD   
  Income:US:Babble:Salary                        -4615.38 USD   
  Income:US:Babble:GroupTermLife                   -24.32 USD   
  Expenses:Health:Life:GroupTermLife                24.32 USD   
  Expenses:Health:Dental:Insurance                   2.90 USD   
  Expenses:Health:Medical:Insurance                 27.38 USD   
  Expenses:Health:Vision:Insurance                  42.30 USD   
  Expenses:Taxes:Y2016:US:Medicare                 106.62 USD   
  Expenses:Taxes:Y2016:US:Federal                 1062.92 USD   
  Expenses:Taxes:Y2016:US:State                    365.08 USD   
  Expenses:Taxes:Y2016:US:CityNYC                  174.92 USD   
  Expenses:Taxes:Y2016:US:SDI                        1.12 USD   
  Expenses:Taxes:Y2016:US:SocSec                   281.54 USD   
  Assets:US:Federal:PreTax401k                       0.00 IRAUSD
  Assets:US:Babble:Vacation                             5 VACHR 
  Income:US:Babble:Vacation                            -5 VACHR 

2016-10-20 * "Babble" "Payroll"
  Assets:US:BofA:Checking                         2550.60 USD   
  Income:US:Babble:Salary                        -4615.38 USD   
  Income:US:Babble:GroupTermLife                   -24.32 USD   
  Expenses:Health:Life:GroupTermLife                24.32 USD   
  Expenses:Health:Dental:Insurance                   2.90 USD   
  Expenses:Health:Medical:Insurance                 27.38 USD   
  Expenses:Health:Vision:Insurance                  42.30 USD   
  Expenses:Taxes:Y2016:US:Medicare                 106.62 USD   
  Expenses:Taxes:Y2016:US:Federal                 1062.92 USD   
  Expenses:Taxes:Y2016:US:State                    365.08 USD   
  Expenses:Taxes:Y2016:US:CityNYC                  174.92 USD   
  Expenses:Taxes:Y2016:US:SDI                        1.12 USD   
  Expenses:Taxes:Y2016:US:SocSec                   281.54 USD   
  Assets:US:Federal:PreTax401k                       0.00 IRAUSD
  Assets:US:Babble:Vacation                             5 VACHR 
  Income:US:Babble:Vacation                            -5 VACHR 

2016-11-03 * "Babble" "Payroll"
  Assets:US:BofA:Checking                         2550.60 USD   
  Income:US:Babble:Salary                        -4615.38 USD   
  Income:US:Babble:GroupTermLife                   -24.32 USD   
  Expenses:Health:Life:GroupTermLife                24.32 USD   
  Expenses:Health:Dental:Insurance                   2.90 USD   
  Expenses:Health:Medical:Insurance                 27.38 USD   
  Expenses:Health:Vision:Insurance                  42.30 USD   
  Expenses:Taxes:Y2016:US:Medicare                 106.62 USD   
  Expenses:Taxes:Y2016:US:Federal                 1062.92 USD   
  Expenses:Taxes:Y2016:US:State                    365.08 USD   
  Expenses:Taxes:Y2016:US:CityNYC                  174.92 USD   
  Expenses:Taxes:Y2016:US:SDI                        1.12 USD   
  Expenses:Taxes:Y2016:US:SocSec                   281.54 USD   
  Assets:US:Federal:PreTax401k                       0.00 IRAUSD
  Assets:US:Babble:Vacation                             5 VACHR 
  Income:US:Babble:Vacation                            -5 VACHR 

2016-11-17 * "Babble" "Payroll"
  Assets:US:BofA:Checking                         2550.60 USD   
  Income:US:Babble:Salary                        -4615.38 USD   
  Income:US:Babble:GroupTermLife                   -24.32 USD   
  Expenses:Health:Life:GroupTermLife                24.32 USD   
  Expenses:Health:Dental:Insurance                   2.90 USD   
  Expenses:Health:Medical:Insurance                 27.38 USD   
  Expenses:Health:Vision:Insurance                  42.30 USD   
  Expenses:Taxes:Y2016:US:Medicare                 106.62 USD   
  Expenses:Taxes:Y2016:US:Federal                 1062.92 USD   
  Expenses:Taxes:Y2016:US:State                    365.08 USD   
  Expenses:Taxes:Y2016:US:CityNYC                  174.92 USD   
  Expenses:Taxes:Y2016:US:SDI                        1.12 USD   
  Expenses:Taxes:Y2016:US:SocSec                   281.54 USD   
  Assets:US:Federal:PreTax401k                       0.00 IRAUSD
  Assets:US:Babble:Vacation                             5 VACHR 
  Income:US:Babble:Vacation                            -5 VACHR 

2016-12-01 * "Babble" "Payroll"
  Assets:US:BofA:Checking                         2550.60 USD   
  Income:US:Babble:Salary                        -4615.38 USD   
  Income:US:Babble:GroupTermLife                   -24.32 USD   
  Expenses:Health:Life:GroupTermLife                24.32 USD   
  Expenses:Health:Dental:Insurance                   2.90 USD   
  Expenses:Health:Medical:Insurance                 27.38 USD   
  Expenses:Health:Vision:Insurance                  42.30 USD   
  Expenses:Taxes:Y2016:US:Medicare                 106.62 USD   
  Expenses:Taxes:Y2016:US:Federal                 1062.92 USD   
  Expenses:Taxes:Y2016:US:State                    365.08 USD   
  Expenses:Taxes:Y2016:US:CityNYC                  174.92 USD   
  Expenses:Taxes:Y2016:US:SDI                        1.12 USD   
  Expenses:Taxes:Y2016:US:SocSec                   281.54 USD   
  Assets:US:Federal:PreTax401k                       0.00 IRAUSD
  Assets:US:Babble:Vacation                             5 VACHR 
  Income:US:Babble:Vacation                            -5 VACHR 

2016-12-15 * "Babble" "Payroll"
  Assets:US:BofA:Checking                         2589.06 USD   
  Income:US:Babble:Salary                        -4615.38 USD   
  Income:US:Babble:GroupTermLife                   -24.32 USD   
  Expenses:Health:Life:GroupTermLife                24.32 USD   
  Expenses:Health:Dental:Insurance                   2.90 USD   
  Expenses:Health:Medical:Insurance                 27.38 USD   
  Expenses:Health:Vision:Insurance                  42.30 USD   
  Expenses:Taxes:Y2016:US:Medicare                 106.62 USD   
  Expenses:Taxes:Y2016:US:Federal                 1062.92 USD   
  Expenses:Taxes:Y2016:US:State                    365.08 USD   
  Expenses:Taxes:Y2016:US:CityNYC                  174.92 USD   
  Expenses:Taxes:Y2016:US:SDI                        1.12 USD   
  Expenses:Taxes:Y2016:US:SocSec                   243.08 USD   
  Assets:US:Federal:PreTax401k                       0.00 IRAUSD
  Assets:US:Babble:Vacation                             5 VACHR 
  Income:US:Babble:Vacation                            -5 VACHR 

2016-12-29 * "Babble" "Payroll"
  Assets:US:BofA:Checking                         2832.14 USD   
  Income:US:Babble:Salary                        -4615.38 USD   
  Income:US:Babble:GroupTermLife                   -24.32 USD   
  Expenses:Health:Life:GroupTermLife                24.32 USD   
  Expenses:Health:Dental:Insurance                   2.90 USD   
  Expenses:Health:Medical:Insurance                 27.38 USD   
  Expenses:Health:Vision:Insurance                  42.30 USD   
  Expenses:Taxes:Y2016:US:Medicare                 106.62 USD   
  Expenses:Taxes:Y2016:US:Federal                 1062.92 USD   
  Expenses:Taxes:Y2016:US:State                    365.08 USD   
  Expenses:Taxes:Y2016:US:CityNYC                  174.92 USD   
  Expenses:Taxes:Y2016:US:SDI                        1.12 USD   
  Expenses:Taxes:Y2016:US:SocSec                     0.00 USD   
  Assets:US:Federal:PreTax401k                       0.00 IRAUSD
  Assets:US:Babble:Vacation                             5 VACHR 
  Income:US:Babble:Vacation                            -5 VACHR 

2017-01-12 * "Babble" "Payroll"
  Assets:US:BofA:Checking                         1350.60 USD   
  Assets:US:Vanguard:Cash                         1200.00 USD   
  Income:US:Babble:Salary                        -4615.38 USD   
  Income:US:Babble:GroupTermLife                   -24.32 USD   
  Expenses:Health:Life:GroupTermLife                24.32 USD   
  Expenses:Health:Dental:Insurance                   2.90 USD   
  Expenses:Health:Medical:Insurance                 27.38 USD   
  Expenses:Health:Vision:Insurance                  42.30 USD   
  Expenses:Taxes:Y2017:US:Medicare                 106.62 USD   
  Expenses:Taxes:Y2017:US:Federal                 1062.92 USD   
  Expenses:Taxes:Y2017:US:State                    365.08 USD   
  Expenses:Taxes:Y2017:US:CityNYC                  174.92 USD   
  Expenses:Taxes:Y2017:US:SDI                        1.12 USD   
  Expenses:Taxes:Y2017:US:SocSec                   281.54 USD   
  Assets:US:Federal:PreTax401k                   -1200.00 IRAUSD
  Expenses:Taxes:Y2017:US:Federal:PreTax401k      1200.00 IRAUSD
  Assets:US:Babble:Vacation                             5 VACHR 
  Income:US:Babble:Vacation                            -5 VACHR 

2017-01-26 * "Babble" "Payroll"
  Assets:US:BofA:Checking                         1350.60 USD   
  Assets:US:Vanguard:Cash                         1200.00 USD   
  Income:US:Babble:Salary                        -4615.38 USD   
  Income:US:Babble:GroupTermLife                   -24.32 USD   
  Expenses:Health:Life:GroupTermLife                24.32 USD   
  Expenses:Health:Dental:Insurance                   2.90 USD   
  Expenses:Health:Medical:Insurance                 27.38 USD   
  Expenses:Health:Vision:Insurance                  42.30 USD   
  Expenses:Taxes:Y2017:US:Medicare                 106.62 USD   
  Expenses:Taxes:Y2017:US:Federal                 1062.92 USD   
  Expenses:Taxes:Y2017:US:State                    365.08 USD   
  Expenses:Taxes:Y2017:US:CityNYC                  174.92 USD   
  Expenses:Taxes:Y2017:US:SDI                        1.12 USD   
  Expenses:Taxes:Y2017:US:SocSec                   281.54 USD   
  Assets:US:Federal:PreTax401k                   -1200.00 IRAUSD
  Expenses:Taxes:Y2017:US:Federal:PreTax401k      1200.00 IRAUSD
  Assets:US:Babble:Vacation                             5 VACHR 
  Income:US:Babble:Vacation                            -5 VACHR 

2017-02-09 * "Babble" "Payroll"
  Assets:US:BofA:Checking                         1350.60 USD   
  Assets:US:Vanguard:Cash                         1200.00 USD   
  Income:US:Babble:Salary                        -4615.38 USD   
  Income:US:Babble:GroupTermLife                   -24.32 USD   
  Expenses:Health:Life:GroupTermLife                24.32 USD   
  Expenses:Health:Dental:Insurance                   2.90 USD   
  Expenses:Health:Medical:Insurance                 27.38 USD   
  Expenses:Health:Vision:Insurance                  42.30 USD   
  Expenses:Taxes:Y2017:US:Medicare                 106.62 USD   
  Expenses:Taxes:Y2017:US:Federal                 1062.92 USD   
  Expenses:Taxes:Y2017:US:State                    365.08 USD   
  Expenses:Taxes:Y2017:US:CityNYC                  174.92 USD   
  Expenses:Taxes:Y2017:US:SDI                        1.12 USD   
  Expenses:Taxes:Y2017:US:SocSec                   281.54 USD   
  Assets:US:Federal:PreTax401k                   -1200.00 IRAUSD
  Expenses:Taxes:Y2017:US:Federal:PreTax401k      1200.00 IRAUSD
  Assets:US:Babble:Vacation                             5 VACHR 
  Income:US:Babble:Vacation                            -5 VACHR 

2017-02-23 * "Babble" "Payroll"
  Assets:US:BofA:Checking                         1350.60 USD   
  Assets:US:Vanguard:Cash                         1200.00 USD   
  Income:US:Babble:Salary                        -4615.38 USD   
  Income:US:Babble:GroupTermLife                   -24.32 USD   
  Expenses:Health:Life:GroupTermLife                24.32 USD   
  Expenses:Health:Dental:Insurance                   2.90 USD   
  Expenses:Health:Medical:Insurance                 27.38 USD   
  Expenses:Health:Vision:Insurance                  42.30 USD   
  Expenses:Taxes:Y2017:US:Medicare                 106.62 USD   
  Expenses:Taxes:Y2017:US:Federal                 1062.92 USD   
  Expenses:Taxes:Y2017:US:State                    365.08 USD   
  Expenses:Taxes:Y2017:US:CityNYC                  174.92 USD   
  Expenses:Taxes:Y2017:US:SDI                        1.12 USD   
  Expenses:Taxes:Y2017:US:SocSec                   281.54 USD   
  Assets:US:Federal:PreTax401k                   -1200.00 IRAUSD
  Expenses:Taxes:Y2017:US:Federal:PreTax401k      1200.00 IRAUSD
  Assets:US:Babble:Vacation                             5 VACHR 
  Income:US:Babble:Vacation                            -5 VACHR 

2017-03-09 * "Babble" "Payroll"
  Assets:US:BofA:Checking                         1350.60 USD   
  Assets:US:Vanguard:Cash                         1200.00 USD   
  Income:US:Babble:Salary                        -4615.38 USD   
  Income:US:Babble:GroupTermLife                   -24.32 USD   
  Expenses:Health:Life:GroupTermLife                24.32 USD   
  Expenses:Health:Dental:Insurance                   2.90 USD   
  Expenses:Health:Medical:Insurance                 27.38 USD   
  Expenses:Health:Vision:Insurance                  42.30 USD   
  Expenses:Taxes:Y2017:US:Medicare                 106.62 USD   
  Expenses:Taxes:Y2017:US:Federal                 1062.92 USD   
  Expenses:Taxes:Y2017:US:State                    365.08 USD   
  Expenses:Taxes:Y2017:US:CityNYC                  174.92 USD   
  Expenses:Taxes:Y2017:US:SDI                        1.12 USD   
  Expenses:Taxes:Y2017:US:SocSec                   281.54 USD   
  Assets:US:Federal:PreTax401k                   -1200.00 IRAUSD
  Expenses:Taxes:Y2017:US:Federal:PreTax401k      1200.00 IRAUSD
  Assets:US:Babble:Vacation                             5 VACHR 
  Income:US:Babble:Vacation                            -5 VACHR 

2017-03-23 * "Babble" "Payroll"
  Assets:US:BofA:Checking                         1350.60 USD   
  Assets:US:Vanguard:Cash                         1200.00 USD   
  Income:US:Babble:Salary                        -4615.38 USD   
  Income:US:Babble:GroupTermLife                   -24.32 USD   
  Expenses:Health:Life:GroupTermLife                24.32 USD   
  Expenses:Health:Dental:Insurance                   2.90 USD   
  Expenses:Health:Medical:Insurance                 27.38 USD   
  Expenses:Health:Vision:Insurance                  42.30 USD   
  Expenses:Taxes:Y2017:US:Medicare                 106.62 USD   
  Expenses:Taxes:Y2017:US:Federal                 1062.92 USD   
  Expenses:Taxes:Y2017:US:State                    365.08 USD   
  Expenses:Taxes:Y2017:US:CityNYC                  174.92 USD   
  Expenses:Taxes:Y2017:US:SDI                        1.12 USD   
  Expenses:Taxes:Y2017:US:SocSec                   281.54 USD   
  Assets:US:Federal:PreTax401k                   -1200.00 IRAUSD
  Expenses:Taxes:Y2017:US:Federal:PreTax401k      1200.00 IRAUSD
  Assets:US:Babble:Vacation                             5 VACHR 
  Income:US:Babble:Vacation                            -5 VACHR 

2017-04-06 * "Babble" "Payroll"
  Assets:US:BofA:Checking                         1350.60 USD   
  Assets:US:Vanguard:Cash                         1200.00 USD   
  Income:US:Babble:Salary                        -4615.38 USD   
  Income:US:Babble:GroupTermLife                   -24.32 USD   
  Expenses:Health:Life:GroupTermLife                24.32 USD   
  Expenses:Health:Dental:Insurance                   2.90 USD   
  Expenses:Health:Medical:Insurance                 27.38 USD   
  Expenses:Health:Vision:Insurance                  42.30 USD   
  Expenses:Taxes:Y2017:US:Medicare                 106.62 USD   
  Expenses:Taxes:Y2017:US:Federal                 1062.92 USD   
  Expenses:Taxes:Y2017:US:State                    365.08 USD   
  Expenses:Taxes:Y2017:US:CityNYC                  174.92 USD   
  Expenses:Taxes:Y2017:US:SDI                        1.12 USD   
  Expenses:Taxes:Y2017:US:SocSec                   281.54 USD   
  Assets:US:Federal:PreTax401k                   -1200.00 IRAUSD
  Expenses:Taxes:Y2017:US:Federal:PreTax401k      1200.00 IRAUSD
  Assets:US:Babble:Vacation                             5 VACHR 
  Income:US:Babble:Vacation                            -5 VACHR 

2017-04-20 * "Babble" "Payroll"
  Assets:US:BofA:Checking                         1350.60 USD   
  Assets:US:Vanguard:Cash                         1200.00 USD   
  Income:US:Babble:Salary                        -4615.38 USD   
  Income:US:Babble:GroupTermLife                   -24.32 USD   
  Expenses:Health:Life:GroupTermLife                24.32 USD   
  Expenses:Health:Dental:Insurance                   2.90 USD   
  Expenses:Health:Medical:Insurance                 27.38 USD   
  Expenses:Health:Vision:Insurance                  42.30 USD   
  Expenses:Taxes:Y2017:US:Medicare                 106.62 USD   
  Expenses:Taxes:Y2017:US:Federal                 1062.92 USD   
  Expenses:Taxes:Y2017:US:State                    365.08 USD   
  Expenses:Taxes:Y2017:US:CityNYC                  174.92 USD   
  Expenses:Taxes:Y2017:US:SDI                        1.12 USD   
  Expenses:Taxes:Y2017:US:SocSec                   281.54 USD   
  Assets:US:Federal:PreTax401k                   -1200.00 IRAUSD
  Expenses:Taxes:Y2017:US:Federal:PreTax401k      1200.00 IRAUSD
  Assets:US:Babble:Vacation                             5 VACHR 
  Income:US:Babble:Vacation                            -5 VACHR 

2017-05-04 * "Babble" "Payroll"
  Assets:US:BofA:Checking                         1350.60 USD   
  Assets:US:Vanguard:Cash                         1200.00 USD   
  Income:US:Babble:Salary                        -4615.38 USD   
  Income:US:Babble:GroupTermLife                   -24.32 USD   
  Expenses:Health:Life:GroupTermLife                24.32 USD   
  Expenses:Health:Dental:Insurance                   2.90 USD   
  Expenses:Health:Medical:Insurance                 27.38 USD   
  Expenses:Health:Vision:Insurance                  42.30 USD   
  Expenses:Taxes:Y2017:US:Medicare                 106.62 USD   
  Expenses:Taxes:Y2017:US:Federal                 1062.92 USD   
  Expenses:Taxes:Y2017:US:State                    365.08 USD   
  Expenses:Taxes:Y2017:US:CityNYC                  174.92 USD   
  Expenses:Taxes:Y2017:US:SDI                        1.12 USD   
  Expenses:Taxes:Y2017:US:SocSec                   281.54 USD   
  Assets:US:Federal:PreTax401k                   -1200.00 IRAUSD
  Expenses:Taxes:Y2017:US:Federal:PreTax401k      1200.00 IRAUSD
  Assets:US:Babble:Vacation                             5 VACHR 
  Income:US:Babble:Vacation                            -5 VACHR 

2017-05-18 * "Babble" "Payroll"
  Assets:US:BofA:Checking                         1350.60 USD   
  Assets:US:Vanguard:Cash                         1200.00 USD   
  Income:US:Babble:Salary                        -4615.38 USD   
  Income:US:Babble:GroupTermLife                   -24.32 USD   
  Expenses:Health:Life:GroupTermLife                24.32 USD   
  Expenses:Health:Dental:Insurance                   2.90 USD   
  Expenses:Health:Medical:Insurance                 27.38 USD   
  Expenses:Health:Vision:Insurance                  42.30 USD   
  Expenses:Taxes:Y2017:US:Medicare                 106.62 USD   
  Expenses:Taxes:Y2017:US:Federal                 1062.92 USD   
  Expenses:Taxes:Y2017:US:State                    365.08 USD   
  Expenses:Taxes:Y2017:US:CityNYC                  174.92 USD   
  Expenses:Taxes:Y2017:US:SDI                        1.12 USD   
  Expenses:Taxes:Y2017:US:SocSec                   281.54 USD   
  Assets:US:Federal:PreTax401k                   -1200.00 IRAUSD
  Expenses:Taxes:Y2017:US:Federal:PreTax401k      1200.00 IRAUSD
  Assets:US:Babble:Vacation                             5 VACHR 
  Income:US:Babble:Vacation                            -5 VACHR 

2017-06-01 * "Babble" "Payroll"
  Assets:US:BofA:Checking                         1350.60 USD   
  Assets:US:Vanguard:Cash                         1200.00 USD   
  Income:US:Babble:Salary                        -4615.38 USD   
  Income:US:Babble:GroupTermLife                   -24.32 USD   
  Expenses:Health:Life:GroupTermLife                24.32 USD   
  Expenses:Health:Dental:Insurance                   2.90 USD   
  Expenses:Health:Medical:Insurance                 27.38 USD   
  Expenses:Health:Vision:Insurance                  42.30 USD   
  Expenses:Taxes:Y2017:US:Medicare                 106.62 USD   
  Expenses:Taxes:Y2017:US:Federal                 1062.92 USD   
  Expenses:Taxes:Y2017:US:State                    365.08 USD   
  Expenses:Taxes:Y2017:US:CityNYC                  174.92 USD   
  Expenses:Taxes:Y2017:US:SDI                        1.12 USD   
  Expenses:Taxes:Y2017:US:SocSec                   281.54 USD   
  Assets:US:Federal:PreTax401k                   -1200.00 IRAUSD
  Expenses:Taxes:Y2017:US:Federal:PreTax401k      1200.00 IRAUSD
  Assets:US:Babble:Vacation                             5 VACHR 
  Income:US:Babble:Vacation                            -5 VACHR 

2017-06-15 * "Babble" "Payroll"
  Assets:US:BofA:Checking                         1350.60 USD   
  Assets:US:Vanguard:Cash                         1200.00 USD   
  Income:US:Babble:Salary                        -4615.38 USD   
  Income:US:Babble:GroupTermLife                   -24.32 USD   
  Expenses:Health:Life:GroupTermLife                24.32 USD   
  Expenses:Health:Dental:Insurance                   2.90 USD   
  Expenses:Health:Medical:Insurance                 27.38 USD   
  Expenses:Health:Vision:Insurance                  42.30 USD   
  Expenses:Taxes:Y2017:US:Medicare                 106.62 USD   
  Expenses:Taxes:Y2017:US:Federal                 1062.92 USD   
  Expenses:Taxes:Y2017:US:State                    365.08 USD   
  Expenses:Taxes:Y2017:US:CityNYC                  174.92 USD   
  Expenses:Taxes:Y2017:US:SDI                        1.12 USD   
  Expenses:Taxes:Y2017:US:SocSec                   281.54 USD   
  Assets:US:Federal:PreTax401k                   -1200.00 IRAUSD
  Expenses:Taxes:Y2017:US:Federal:PreTax401k      1200.00 IRAUSD
  Assets:US:Babble:Vacation                             5 VACHR 
  Income:US:Babble:Vacation                            -5 VACHR 

2017-06-29 * "Babble" "Payroll"
  Assets:US:BofA:Checking                         1350.60 USD   
  Assets:US:Vanguard:Cash                         1200.00 USD   
  Income:US:Babble:Salary                        -4615.38 USD   
  Income:US:Babble:GroupTermLife                   -24.32 USD   
  Expenses:Health:Life:GroupTermLife                24.32 USD   
  Expenses:Health:Dental:Insurance                   2.90 USD   
  Expenses:Health:Medical:Insurance                 27.38 USD   
  Expenses:Health:Vision:Insurance                  42.30 USD   
  Expenses:Taxes:Y2017:US:Medicare                 106.62 USD   
  Expenses:Taxes:Y2017:US:Federal                 1062.92 USD   
  Expenses:Taxes:Y2017:US:State                    365.08 USD   
  Expenses:Taxes:Y2017:US:CityNYC                  174.92 USD   
  Expenses:Taxes:Y2017:US:SDI                        1.12 USD   
  Expenses:Taxes:Y2017:US:SocSec                   281.54 USD   
  Assets:US:Federal:PreTax401k                   -1200.00 IRAUSD
  Expenses:Taxes:Y2017:US:Federal:PreTax401k      1200.00 IRAUSD
  Assets:US:Babble:Vacation                             5 VACHR 
  Income:US:Babble:Vacation                            -5 VACHR 

2017-07-13 * "Babble" "Payroll"
  Assets:US:BofA:Checking                         1350.60 USD   
  Assets:US:Vanguard:Cash                         1200.00 USD   
  Income:US:Babble:Salary                        -4615.38 USD   
  Income:US:Babble:GroupTermLife                   -24.32 USD   
  Expenses:Health:Life:GroupTermLife                24.32 USD   
  Expenses:Health:Dental:Insurance                   2.90 USD   
  Expenses:Health:Medical:Insurance                 27.38 USD   
  Expenses:Health:Vision:Insurance                  42.30 USD   
  Expenses:Taxes:Y2017:US:Medicare                 106.62 USD   
  Expenses:Taxes:Y2017:US:Federal                 1062.92 USD   
  Expenses:Taxes:Y2017:US:State                    365.08 USD   
  Expenses:Taxes:Y2017:US:CityNYC                  174.92 USD   
  Expenses:Taxes:Y2017:US:SDI                        1.12 USD   
  Expenses:Taxes:Y2017:US:SocSec                   281.54 USD   
  Assets:US:Federal:PreTax401k                   -1200.00 IRAUSD
  Expenses:Taxes:Y2017:US:Federal:PreTax401k      1200.00 IRAUSD
  Assets:US:Babble:Vacation                             5 VACHR 
  Income:US:Babble:Vacation                            -5 VACHR 

2017-07-27 * "Babble" "Payroll"
  Assets:US:BofA:Checking                         1350.60 USD   
  Assets:US:Vanguard:Cash                         1200.00 USD   
  Income:US:Babble:Salary                        -4615.38 USD   
  Income:US:Babble:GroupTermLife                   -24.32 USD   
  Expenses:Health:Life:GroupTermLife                24.32 USD   
  Expenses:Health:Dental:Insurance                   2.90 USD   
  Expenses:Health:Medical:Insurance                 27.38 USD   
  Expenses:Health:Vision:Insurance                  42.30 USD   
  Expenses:Taxes:Y2017:US:Medicare                 106.62 USD   
  Expenses:Taxes:Y2017:US:Federal                 1062.92 USD   
  Expenses:Taxes:Y2017:US:State                    365.08 USD   
  Expenses:Taxes:Y2017:US:CityNYC                  174.92 USD   
  Expenses:Taxes:Y2017:US:SDI                        1.12 USD   
  Expenses:Taxes:Y2017:US:SocSec                   281.54 USD   
  Assets:US:Federal:PreTax401k                   -1200.00 IRAUSD
  Expenses:Taxes:Y2017:US:Federal:PreTax401k      1200.00 IRAUSD
  Assets:US:Babble:Vacation                             5 VACHR 
  Income:US:Babble:Vacation                            -5 VACHR 

2017-08-10 * "Babble" "Payroll"
  Assets:US:BofA:Checking                         2050.60 USD   
  Assets:US:Vanguard:Cash                          500.00 USD   
  Income:US:Babble:Salary                        -4615.38 USD   
  Income:US:Babble:GroupTermLife                   -24.32 USD   
  Expenses:Health:Life:GroupTermLife                24.32 USD   
  Expenses:Health:Dental:Insurance                   2.90 USD   
  Expenses:Health:Medical:Insurance                 27.38 USD   
  Expenses:Health:Vision:Insurance                  42.30 USD   
  Expenses:Taxes:Y2017:US:Medicare                 106.62 USD   
  Expenses:Taxes:Y2017:US:Federal                 1062.92 USD   
  Expenses:Taxes:Y2017:US:State                    365.08 USD   
  Expenses:Taxes:Y2017:US:CityNYC                  174.92 USD   
  Expenses:Taxes:Y2017:US:SDI                        1.12 USD   
  Expenses:Taxes:Y2017:US:SocSec                   281.54 USD   
  Assets:US:Federal:PreTax401k                    -500.00 IRAUSD
  Expenses:Taxes:Y2017:US:Federal:PreTax401k       500.00 IRAUSD
  Assets:US:Babble:Vacation                             5 VACHR 
  Income:US:Babble:Vacation                            -5 VACHR 

2017-08-24 * "Babble" "Payroll"
  Assets:US:BofA:Checking                         2550.60 USD   
  Income:US:Babble:Salary                        -4615.38 USD   
  Income:US:Babble:GroupTermLife                   -24.32 USD   
  Expenses:Health:Life:GroupTermLife                24.32 USD   
  Expenses:Health:Dental:Insurance                   2.90 USD   
  Expenses:Health:Medical:Insurance                 27.38 USD   
  Expenses:Health:Vision:Insurance                  42.30 USD   
  Expenses:Taxes:Y2017:US:Medicare                 106.62 USD   
  Expenses:Taxes:Y2017:US:Federal                 1062.92 USD   
  Expenses:Taxes:Y2017:US:State                    365.08 USD   
  Expenses:Taxes:Y2017:US:CityNYC                  174.92 USD   
  Expenses:Taxes:Y2017:US:SDI                        1.12 USD   
  Expenses:Taxes:Y2017:US:SocSec                   281.54 USD   
  Assets:US:Federal:PreTax401k                       0.00 IRAUSD
  Assets:US:Babble:Vacation                             5 VACHR 
  Income:US:Babble:Vacation                            -5 VACHR 

2017-09-07 * "Babble" "Payroll"
  Assets:US:BofA:Checking                         2550.60 USD   
  Income:US:Babble:Salary                        -4615.38 USD   
  Income:US:Babble:GroupTermLife                   -24.32 USD   
  Expenses:Health:Life:GroupTermLife                24.32 USD   
  Expenses:Health:Dental:Insurance                   2.90 USD   
  Expenses:Health:Medical:Insurance                 27.38 USD   
  Expenses:Health:Vision:Insurance                  42.30 USD   
  Expenses:Taxes:Y2017:US:Medicare                 106.62 USD   
  Expenses:Taxes:Y2017:US:Federal                 1062.92 USD   
  Expenses:Taxes:Y2017:US:State                    365.08 USD   
  Expenses:Taxes:Y2017:US:CityNYC                  174.92 USD   
  Expenses:Taxes:Y2017:US:SDI                        1.12 USD   
  Expenses:Taxes:Y2017:US:SocSec                   281.54 USD   
  Assets:US:Federal:PreTax401k                       0.00 IRAUSD
  Assets:US:Babble:Vacation                             5 VACHR 
  Income:US:Babble:Vacation                            -5 VACHR 

2017-09-21 * "Babble" "Payroll"
  Assets:US:BofA:Checking                         2550.60 USD   
  Income:US:Babble:Salary                        -4615.38 USD   
  Income:US:Babble:GroupTermLife                   -24.32 USD   
  Expenses:Health:Life:GroupTermLife                24.32 USD   
  Expenses:Health:Dental:Insurance                   2.90 USD   
  Expenses:Health:Medical:Insurance                 27.38 USD   
  Expenses:Health:Vision:Insurance                  42.30 USD   
  Expenses:Taxes:Y2017:US:Medicare                 106.62 USD   
  Expenses:Taxes:Y2017:US:Federal                 1062.92 USD   
  Expenses:Taxes:Y2017:US:State                    365.08 USD   
  Expenses:Taxes:Y2017:US:CityNYC                  174.92 USD   
  Expenses:Taxes:Y2017:US:SDI                        1.12 USD   
  Expenses:Taxes:Y2017:US:SocSec                   281.54 USD   
  Assets:US:Federal:PreTax401k                       0.00 IRAUSD
  Assets:US:Babble:Vacation                             5 VACHR 
  Income:US:Babble:Vacation                            -5 VACHR 

2017-10-05 * "Babble" "Payroll"
  Assets:US:BofA:Checking                         2550.60 USD   
  Income:US:Babble:Salary                        -4615.38 USD   
  Income:US:Babble:GroupTermLife                   -24.32 USD   
  Expenses:Health:Life:GroupTermLife                24.32 USD   
  Expenses:Health:Dental:Insurance                   2.90 USD   
  Expenses:Health:Medical:Insurance                 27.38 USD   
  Expenses:Health:Vision:Insurance                  42.30 USD   
  Expenses:Taxes:Y2017:US:Medicare                 106.62 USD   
  Expenses:Taxes:Y2017:US:Federal                 1062.92 USD   
  Expenses:Taxes:Y2017:US:State                    365.08 USD   
  Expenses:Taxes:Y2017:US:CityNYC                  174.92 USD   
  Expenses:Taxes:Y2017:US:SDI                        1.12 USD   
  Expenses:Taxes:Y2017:US:SocSec                   281.54 USD   
  Assets:US:Federal:PreTax401k                       0.00 IRAUSD
  Assets:US:Babble:Vacation                             5 VACHR 
  Income:US:Babble:Vacation                            -5 VACHR 

2017-10-19 * "Babble" "Payroll"
  Assets:US:BofA:Checking                         2550.60 USD   
  Income:US:Babble:Salary                        -4615.38 USD   
  Income:US:Babble:GroupTermLife                   -24.32 USD   
  Expenses:Health:Life:GroupTermLife                24.32 USD   
  Expenses:Health:Dental:Insurance                   2.90 USD   
  Expenses:Health:Medical:Insurance                 27.38 USD   
  Expenses:Health:Vision:Insurance                  42.30 USD   
  Expenses:Taxes:Y2017:US:Medicare                 106.62 USD   
  Expenses:Taxes:Y2017:US:Federal                 1062.92 USD   
  Expenses:Taxes:Y2017:US:State                    365.08 USD   
  Expenses:Taxes:Y2017:US:CityNYC                  174.92 USD   
  Expenses:Taxes:Y2017:US:SDI                        1.12 USD   
  Expenses:Taxes:Y2017:US:SocSec                   281.54 USD   
  Assets:US:Federal:PreTax401k                       0.00 IRAUSD
  Assets:US:Babble:Vacation                             5 VACHR 
  Income:US:Babble:Vacation                            -5 VACHR 

2017-11-02 * "Babble" "Payroll"
  Assets:US:BofA:Checking                         2550.60 USD   
  Income:US:Babble:Salary                        -4615.38 USD   
  Income:US:Babble:GroupTermLife                   -24.32 USD   
  Expenses:Health:Life:GroupTermLife                24.32 USD   
  Expenses:Health:Dental:Insurance                   2.90 USD   
  Expenses:Health:Medical:Insurance                 27.38 USD   
  Expenses:Health:Vision:Insurance                  42.30 USD   
  Expenses:Taxes:Y2017:US:Medicare                 106.62 USD   
  Expenses:Taxes:Y2017:US:Federal                 1062.92 USD   
  Expenses:Taxes:Y2017:US:State                    365.08 USD   
  Expenses:Taxes:Y2017:US:CityNYC                  174.92 USD   
  Expenses:Taxes:Y2017:US:SDI                        1.12 USD   
  Expenses:Taxes:Y2017:US:SocSec                   281.54 USD   
  Assets:US:Federal:PreTax401k                       0.00 IRAUSD
  Assets:US:Babble:Vacation                             5 VACHR 
  Income:US:Babble:Vacation                            -5 VACHR 



* Taxes

1980-05-12 open Income:US:Federal:PreTax401k                    IRAUSD
1980-05-12 open Assets:US:Federal:PreTax401k                    IRAUSD



** Tax Year 2015

2015-01-01 open Expenses:Taxes:Y2015:US:Federal:PreTax401k      IRAUSD
2015-01-01 open Expenses:Taxes:Y2015:US:Medicare                USD
2015-01-01 open Expenses:Taxes:Y2015:US:Federal                 USD
2015-01-01 open Expenses:Taxes:Y2015:US:CityNYC                 USD
2015-01-01 open Expenses:Taxes:Y2015:US:SDI                     USD
2015-01-01 open Expenses:Taxes:Y2015:US:State                   USD
2015-01-01 open Expenses:Taxes:Y2015:US:SocSec                  USD

2015-01-01 balance Assets:US:Federal:PreTax401k         0 IRAUSD

2015-01-01 * "Allowed contributions for one year"
  Income:US:Federal:PreTax401k                     -18000 IRAUSD
  Assets:US:Federal:PreTax401k                      18000 IRAUSD

2016-03-23 * "Filing taxes for 2015"
  Expenses:Taxes:Y2015:US:Federal                  429.86 USD
  Expenses:Taxes:Y2015:US:State                    347.51 USD
  Liabilities:AccountsPayable                     -777.37 USD

2016-03-23 * "STATE TAX & FINANC PYMT"
  Assets:US:BofA:Checking                         -347.51 USD
  Liabilities:AccountsPayable                      347.51 USD

2016-03-25 * "FEDERAL TAXPYMT"
  Assets:US:BofA:Checking                         -429.86 USD
  Liabilities:AccountsPayable                      429.86 USD



** Tax Year 2016

2016-01-01 open Expenses:Taxes:Y2016:US:Federal:PreTax401k      IRAUSD
2016-01-01 open Expenses:Taxes:Y2016:US:Medicare                USD
2016-01-01 open Expenses:Taxes:Y2016:US:Federal                 USD
2016-01-01 open Expenses:Taxes:Y2016:US:CityNYC                 USD
2016-01-01 open Expenses:Taxes:Y2016:US:SDI                     USD
2016-01-01 open Expenses:Taxes:Y2016:US:State                   USD
2016-01-01 open Expenses:Taxes:Y2016:US:SocSec                  USD

2016-01-01 balance Assets:US:Federal:PreTax401k         0 IRAUSD

2016-01-01 * "Allowed contributions for one year"
  Income:US:Federal:PreTax401k                     -18000 IRAUSD
  Assets:US:Federal:PreTax401k                      18000 IRAUSD

2017-03-22 * "Filing taxes for 2016"
  Expenses:Taxes:Y2016:US:Federal                  365.01 USD
  Expenses:Taxes:Y2016:US:State                    277.18 USD
  Liabilities:AccountsPayable                     -642.19 USD

2017-03-22 * "FEDERAL TAXPYMT"
  Assets:US:BofA:Checking                         -365.01 USD
  Liabilities:AccountsPayable                      365.01 USD

2017-03-26 * "STATE TAX & FINANC PYMT"
  Assets:US:BofA:Checking                         -277.18 USD
  Liabilities:AccountsPayable                      277.18 USD



** Tax Year 2017

2017-01-01 open Expenses:Taxes:Y2017:US:Federal:PreTax401k      IRAUSD
2017-01-01 open Expenses:Taxes:Y2017:US:Medicare                USD
2017-01-01 open Expenses:Taxes:Y2017:US:Federal                 USD
2017-01-01 open Expenses:Taxes:Y2017:US:CityNYC                 USD
2017-01-01 open Expenses:Taxes:Y2017:US:SDI                     USD
2017-01-01 open Expenses:Taxes:Y2017:US:State                   USD
2017-01-01 open Expenses:Taxes:Y2017:US:SocSec                  USD

2017-01-01 balance Assets:US:Federal:PreTax401k         0 IRAUSD

2017-01-01 * "Allowed contributions for one year"
  Income:US:Federal:PreTax401k                     -18500 IRAUSD
  Assets:US:Federal:PreTax401k                      18500 IRAUSD



* Expenses

1980-05-12 open Expenses:Food:Groceries
1980-05-12 open Expenses:Food:Restaurant
1980-05-12 open Expenses:Food:Coffee
1980-05-12 open Expenses:Food:Alcohol
1980-05-12 open Expenses:Transport:Tram
1980-05-12 open Expenses:Home:Rent
1980-05-12 open Expenses:Home:Electricity
1980-05-12 open Expenses:Home:Internet
1980-05-12 open Expenses:Home:Phone
1980-05-12 open Expenses:Financial:Fees
1980-05-12 open Expenses:Financial:Commissions



* Prices

2015-01-02 price VBMPX                              40.35 USD
2015-01-02 price RGAGX                              74.52 USD
2015-01-02 price ITOT                              141.40 USD
2015-01-02 price VEA                                87.48 USD
2015-01-02 price VHT                               146.89 USD
2015-01-02 price GLD                                55.37 USD
2015-01-09 price VBMPX                              40.66 USD
2015-01-09 price RGAGX                              74.44 USD
2015-01-09 price ITOT                              139.72 USD
2015-01-09 price VEA                                88.16 USD
2015-01-09 price VHT                               147.62 USD
2015-01-09 price GLD                                55.77 USD
2015-01-16 price VBMPX                              41.42 USD
2015-01-16 price RGAGX                              73.25 USD
2015-01-16 price ITOT                              140.68 USD
2015-01-16 price VEA                                87.01 USD
2015-01-16 price VHT                               146.35 USD
2015-01-16 price GLD                                57.66 USD
2015-01-23 price VBMPX                              40.95 USD
2015-01-23 price RGAGX                              71.58 USD
2015-01-23 price ITOT                              137.15 USD
2015-01-23 price VEA                                86.41 USD
2015-01-23 price VHT                               144.57 USD
2015-01-23 price GLD                                59.21 USD
2015-01-30 price VBMPX                              40.30 USD
2015-01-30 price RGAGX                              71.39 USD
2015-01-30 price ITOT                              137.95 USD
2015-01-30 price VEA                                85.73 USD
2015-01-30 price VHT                               143.70 USD
2015-01-30 price GLD                                60.47 USD
2015-02-06 price VBMPX                              41.06 USD
2015-02-06 price RGAGX                              71.64 USD
2015-02-06 price ITOT                              140.02 USD
2015-02-06 price VEA                                87.57 USD
2015-02-06 price VHT                               144.13 USD
2015-02-06 price GLD                                61.00 USD
2015-02-13 price VBMPX                              40.35 USD
2015-02-13 price RGAGX                              71.96 USD
2015-02-13 price ITOT                              140.12 USD
2015-02-13 price VEA                                89.09 USD
2015-02-13 price VHT                               143.86 USD
2015-02-13 price GLD                                61.16 USD
2015-02-20 price VBMPX                              39.99 USD
2015-02-20 price RGAGX                              72.16 USD
2015-02-20 price ITOT                              141.39 USD
2015-02-20 price VEA                                87.74 USD
2015-02-20 price VHT                               142.23 USD
2015-02-20 price GLD                                61.84 USD
2015-02-27 price VBMPX                              39.35 USD
2015-02-27 price RGAGX                              76.49 USD
2015-02-27 price ITOT                              142.35 USD
2015-02-27 price VEA                                89.25 USD
2015-02-27 price VHT                               140.67 USD
2015-02-27 price GLD                                62.70 USD
2015-03-06 price VBMPX                              39.48 USD
2015-03-06 price RGAGX                              75.73 USD
2015-03-06 price ITOT                              147.32 USD
2015-03-06 price VEA                                89.18 USD
2015-03-06 price VHT                               142.05 USD
2015-03-06 price GLD                                62.99 USD
2015-03-13 price VBMPX                              39.35 USD
2015-03-13 price RGAGX                              75.96 USD
2015-03-13 price ITOT                              152.22 USD
2015-03-13 price VEA                                89.65 USD
2015-03-13 price VHT                               142.64 USD
2015-03-13 price GLD                                63.68 USD
2015-03-20 price VBMPX                              39.93 USD
2015-03-20 price RGAGX                              75.10 USD
2015-03-20 price ITOT                              151.25 USD
2015-03-20 price VEA                                90.02 USD
2015-03-20 price VHT                               144.33 USD
2015-03-20 price GLD                                63.42 USD
2015-03-27 price VBMPX                              40.12 USD
2015-03-27 price RGAGX                              75.73 USD
2015-03-27 price ITOT                              147.97 USD
2015-03-27 price VEA                                92.01 USD
2015-03-27 price VHT                               146.87 USD
2015-03-27 price GLD                                65.97 USD
2015-04-03 price VBMPX                              40.94 USD
2015-04-03 price RGAGX                              73.63 USD
2015-04-03 price ITOT                              146.29 USD
2015-04-03 price VEA                                94.45 USD
2015-04-03 price VHT                               147.39 USD
2015-04-03 price GLD                                65.59 USD
2015-04-10 price VBMPX                              40.80 USD
2015-04-10 price RGAGX                              75.86 USD
2015-04-10 price ITOT                              150.89 USD
2015-04-10 price VEA                                92.72 USD
2015-04-10 price VHT                               146.65 USD
2015-04-10 price GLD                                65.15 USD
2015-04-17 price VBMPX                              39.93 USD
2015-04-17 price RGAGX                              75.14 USD
2015-04-17 price ITOT                              149.13 USD
2015-04-17 price VEA                                92.91 USD
2015-04-17 price VHT                               145.85 USD
2015-04-17 price GLD                                65.37 USD
2015-04-24 price VBMPX                              39.61 USD
2015-04-24 price RGAGX                              72.37 USD
2015-04-24 price ITOT                              150.82 USD
2015-04-24 price VEA                                95.51 USD
2015-04-24 price VHT                               145.95 USD
2015-04-24 price GLD                                65.67 USD
2015-05-01 price VBMPX                              40.24 USD
2015-05-01 price RGAGX                              70.84 USD
2015-05-01 price ITOT                              152.51 USD
2015-05-01 price VEA                                97.92 USD
2015-05-01 price VHT                               144.48 USD
2015-05-01 price GLD                                65.79 USD
2015-05-08 price VBMPX                              41.41 USD
2015-05-08 price RGAGX                              71.27 USD
2015-05-08 price ITOT                              150.54 USD
2015-05-08 price VEA                                99.92 USD
2015-05-08 price VHT                               145.48 USD
2015-05-08 price GLD                                64.28 USD
2015-05-15 price VBMPX                              42.64 USD
2015-05-15 price RGAGX                              72.76 USD
2015-05-15 price ITOT                              148.08 USD
2015-05-15 price VEA                               100.50 USD
2015-05-15 price VHT                               145.68 USD
2015-05-15 price GLD                                63.04 USD
2015-05-22 price VBMPX                              42.27 USD
2015-05-22 price RGAGX                              74.02 USD
2015-05-22 price ITOT                              151.17 USD
2015-05-22 price VEA                                99.72 USD
2015-05-22 price VHT                               146.47 USD
2015-05-22 price GLD                                62.56 USD
2015-05-29 price VBMPX                              42.54 USD
2015-05-29 price RGAGX                              72.14 USD
2015-05-29 price ITOT                              153.07 USD
2015-05-29 price VEA                                96.77 USD
2015-05-29 price VHT                               147.21 USD
2015-05-29 price GLD                                62.22 USD
2015-06-05 price VBMPX                              43.19 USD
2015-06-05 price RGAGX                              73.73 USD
2015-06-05 price ITOT                              151.18 USD
2015-06-05 price VEA                                95.94 USD
2015-06-05 price VHT                               147.42 USD
2015-06-05 price GLD                                63.63 USD
2015-06-12 price VBMPX                              41.84 USD
2015-06-12 price RGAGX                              76.68 USD
2015-06-12 price ITOT                              148.24 USD
2015-06-12 price VEA                                97.53 USD
2015-06-12 price VHT                               147.04 USD
2015-06-12 price GLD                                63.63 USD
2015-06-19 price VBMPX                              42.14 USD
2015-06-19 price RGAGX                              76.29 USD
2015-06-19 price ITOT                              150.31 USD
2015-06-19 price VEA                                98.72 USD
2015-06-19 price VHT                               144.54 USD
2015-06-19 price GLD                                63.81 USD
2015-06-26 price VBMPX                              41.10 USD
2015-06-26 price RGAGX                              77.75 USD
2015-06-26 price ITOT                              153.53 USD
2015-06-26 price VEA                                98.55 USD
2015-06-26 price VHT                               143.82 USD
2015-06-26 price GLD                                65.55 USD
2015-07-03 price VBMPX                              42.47 USD
2015-07-03 price RGAGX                              77.72 USD
2015-07-03 price ITOT                              158.20 USD
2015-07-03 price VEA                                98.15 USD
2015-07-03 price VHT                               147.53 USD
2015-07-03 price GLD                                66.71 USD
2015-07-10 price VBMPX                              43.45 USD
2015-07-10 price RGAGX                              78.21 USD
2015-07-10 price ITOT                              164.08 USD
2015-07-10 price VEA                                98.67 USD
2015-07-10 price VHT                               146.21 USD
2015-07-10 price GLD                                66.80 USD
2015-07-17 price VBMPX                              44.58 USD
2015-07-17 price RGAGX                              80.04 USD
2015-07-17 price ITOT                              166.10 USD
2015-07-17 price VEA                                95.02 USD
2015-07-17 price VHT                               145.66 USD
2015-07-17 price GLD                                66.90 USD
2015-07-24 price VBMPX                              45.88 USD
2015-07-24 price RGAGX                              79.87 USD
2015-07-24 price ITOT                              166.38 USD
2015-07-24 price VEA                                92.80 USD
2015-07-24 price VHT                               144.83 USD
2015-07-24 price GLD                                67.95 USD
2015-07-31 price VBMPX                              46.60 USD
2015-07-31 price RGAGX                              82.90 USD
2015-07-31 price ITOT                              166.39 USD
2015-07-31 price VEA                                94.55 USD
2015-07-31 price VHT                               147.53 USD
2015-07-31 price GLD                                67.35 USD
2015-08-07 price VBMPX                              44.98 USD
2015-08-07 price RGAGX                              79.33 USD
2015-08-07 price ITOT                              167.55 USD
2015-08-07 price VEA                                93.38 USD
2015-08-07 price VHT                               151.01 USD
2015-08-07 price GLD                                67.28 USD
2015-08-14 price VBMPX                              45.09 USD
2015-08-14 price RGAGX                              79.69 USD
2015-08-14 price ITOT                              169.69 USD
2015-08-14 price VEA                                91.11 USD
2015-08-14 price VHT                               152.67 USD
2015-08-14 price GLD                                69.12 USD
2015-08-21 price VBMPX                              46.42 USD
2015-08-21 price RGAGX                              81.84 USD
2015-08-21 price ITOT                              167.65 USD
2015-08-21 price VEA                                89.44 USD
2015-08-21 price VHT                               152.96 USD
2015-08-21 price GLD                                67.66 USD
2015-08-28 price VBMPX                              46.38 USD
2015-08-28 price RGAGX                              77.36 USD
2015-08-28 price ITOT                              168.03 USD
2015-08-28 price VEA                                90.15 USD
2015-08-28 price VHT                               152.03 USD
2015-08-28 price GLD                                68.15 USD
2015-09-04 price VBMPX                              45.63 USD
2015-09-04 price RGAGX                              75.17 USD
2015-09-04 price ITOT                              168.31 USD
2015-09-04 price VEA                                89.44 USD
2015-09-04 price VHT                               151.93 USD
2015-09-04 price GLD                                69.94 USD
2015-09-11 price VBMPX                              45.75 USD
2015-09-11 price RGAGX                              74.18 USD
2015-09-11 price ITOT                              167.05 USD
2015-09-11 price VEA                                89.13 USD
2015-09-11 price VHT                               152.65 USD
2015-09-11 price GLD                                71.32 USD
2015-09-18 price VBMPX                              46.70 USD
2015-09-18 price RGAGX                              72.91 USD
2015-09-18 price ITOT                              167.58 USD
2015-09-18 price VEA                                89.85 USD
2015-09-18 price VHT                               153.14 USD
2015-09-18 price GLD                                71.07 USD
2015-09-25 price VBMPX                              46.96 USD
2015-09-25 price RGAGX                              73.44 USD
2015-09-25 price ITOT                              170.18 USD
2015-09-25 price VEA                                90.52 USD
2015-09-25 price VHT                               151.90 USD
2015-09-25 price GLD                                70.12 USD
2015-10-02 price VBMPX                              47.41 USD
2015-10-02 price RGAGX                              73.96 USD
2015-10-02 price ITOT                              165.19 USD
2015-10-02 price VEA                                89.94 USD
2015-10-02 price VHT                               151.30 USD
2015-10-02 price GLD                                70.50 USD
2015-10-09 price VBMPX                              48.10 USD
2015-10-09 price RGAGX                              74.03 USD
2015-10-09 price ITOT                              164.67 USD
2015-10-09 price VEA                                91.25 USD
2015-10-09 price VHT                               150.16 USD
2015-10-09 price GLD                                72.38 USD
2015-10-16 price VBMPX                              48.51 USD
2015-10-16 price RGAGX                              74.73 USD
2015-10-16 price ITOT                              161.12 USD
2015-10-16 price VEA                                93.70 USD
2015-10-16 price VHT                               146.26 USD
2015-10-16 price GLD                                72.83 USD
2015-10-23 price VBMPX                              47.18 USD
2015-10-23 price RGAGX                              74.13 USD
2015-10-23 price ITOT                              159.43 USD
2015-10-23 price VEA                                94.99 USD
2015-10-23 price VHT                               146.08 USD
2015-10-23 price GLD                                71.23 USD
2015-10-30 price VBMPX                              48.63 USD
2015-10-30 price RGAGX                              74.32 USD
2015-10-30 price ITOT                              158.78 USD
2015-10-30 price VEA                                94.14 USD
2015-10-30 price VHT                               145.25 USD
2015-10-30 price GLD                                70.28 USD
2015-11-06 price VBMPX                              49.83 USD
2015-11-06 price RGAGX                              73.73 USD
2015-11-06 price ITOT                              159.45 USD
2015-11-06 price VEA                                93.36 USD
2015-11-06 price VHT                               145.26 USD
2015-11-06 price GLD                                70.08 USD
2015-11-13 price VBMPX                              49.27 USD
2015-11-13 price RGAGX                              73.27 USD
2015-11-13 price ITOT                              158.29 USD
2015-11-13 price VEA                                91.87 USD
2015-11-13 price VHT                               145.85 USD
2015-11-13 price GLD                                71.59 USD
2015-11-20 price VBMPX                              49.38 USD
2015-11-20 price RGAGX                              73.71 USD
2015-11-20 price ITOT                              163.47 USD
2015-11-20 price VEA                                93.63 USD
2015-11-20 price VHT                               143.90 USD
2015-11-20 price GLD                                74.66 USD
2015-11-27 price VBMPX                              48.38 USD
2015-11-27 price RGAGX                              72.67 USD
2015-11-27 price ITOT                              159.56 USD
2015-11-27 price VEA                                92.51 USD
2015-11-27 price VHT                               146.41 USD
2015-11-27 price GLD                                74.33 USD
2015-12-04 price VBMPX                              49.37 USD
2015-12-04 price RGAGX                              73.90 USD
2015-12-04 price ITOT                              162.37 USD
2015-12-04 price VEA                                95.20 USD
2015-12-04 price VHT                               148.04 USD
2015-12-04 price GLD                                76.37 USD
2015-12-11 price VBMPX                              50.28 USD
2015-12-11 price RGAGX                              74.37 USD
2015-12-11 price ITOT                              163.07 USD
2015-12-11 price VEA                                92.74 USD
2015-12-11 price VHT                               149.11 USD
2015-12-11 price GLD                                75.50 USD
2015-12-18 price VBMPX                              50.41 USD
2015-12-18 price RGAGX                              73.62 USD
2015-12-18 price ITOT                              164.53 USD
2015-12-18 price VEA                                94.05 USD
2015-12-18 price VHT                               146.41 USD
2015-12-18 price GLD                                76.67 USD
2015-12-25 price VBMPX                              52.10 USD
2015-12-25 price RGAGX                              74.38 USD
2015-12-25 price ITOT                              168.12 USD
2015-12-25 price VEA                                93.03 USD
2015-12-25 price VHT                               146.05 USD
2015-12-25 price GLD                                79.58 USD
2016-01-01 price VBMPX                              52.42 USD
2016-01-01 price RGAGX                              71.46 USD
2016-01-01 price ITOT                              170.24 USD
2016-01-01 price VEA                                94.92 USD
2016-01-01 price VHT                               144.57 USD
2016-01-01 price GLD                                77.98 USD
2016-01-08 price VBMPX                              52.49 USD
2016-01-08 price RGAGX                              70.73 USD
2016-01-08 price ITOT                              171.75 USD
2016-01-08 price VEA                                91.42 USD
2016-01-08 price VHT                               146.40 USD
2016-01-08 price GLD                                76.81 USD
2016-01-15 price VBMPX                              50.90 USD
2016-01-15 price RGAGX                              68.97 USD
2016-01-15 price ITOT                              173.87 USD
2016-01-15 price VEA                                91.84 USD
2016-01-15 price VHT                               147.85 USD
2016-01-15 price GLD                                76.81 USD
2016-01-22 price VBMPX                              49.33 USD
2016-01-22 price RGAGX                              68.50 USD
2016-01-22 price ITOT                              178.23 USD
2016-01-22 price VEA                                92.29 USD
2016-01-22 price VHT                               149.54 USD
2016-01-22 price GLD                                79.79 USD
2016-01-29 price VBMPX                              49.46 USD
2016-01-29 price RGAGX                              69.45 USD
2016-01-29 price ITOT                              176.62 USD
2016-01-29 price VEA                                94.61 USD
2016-01-29 price VHT                               148.65 USD
2016-01-29 price GLD                                78.99 USD
2016-02-05 price VBMPX                              48.89 USD
2016-02-05 price RGAGX                              69.26 USD
2016-02-05 price ITOT                              177.91 USD
2016-02-05 price VEA                                90.52 USD
2016-02-05 price VHT                               144.99 USD
2016-02-05 price GLD                                76.44 USD
2016-02-12 price VBMPX                              47.99 USD
2016-02-12 price RGAGX                              68.89 USD
2016-02-12 price ITOT                              187.45 USD
2016-02-12 price VEA                                92.39 USD
2016-02-12 price VHT                               143.15 USD
2016-02-12 price GLD                                75.19 USD
2016-02-19 price VBMPX                              48.71 USD
2016-02-19 price RGAGX                              68.82 USD
2016-02-19 price ITOT                              184.98 USD
2016-02-19 price VEA                                92.07 USD
2016-02-19 price VHT                               143.28 USD
2016-02-19 price GLD                                76.37 USD
2016-02-26 price VBMPX                              47.04 USD
2016-02-26 price RGAGX                              68.09 USD
2016-02-26 price ITOT                              182.85 USD
2016-02-26 price VEA                                93.37 USD
2016-02-26 price VHT                               143.14 USD
2016-02-26 price GLD                                78.06 USD
2016-03-04 price VBMPX                              46.63 USD
2016-03-04 price RGAGX                              69.50 USD
2016-03-04 price ITOT                              184.87 USD
2016-03-04 price VEA                                95.15 USD
2016-03-04 price VHT                               142.64 USD
2016-03-04 price GLD                                79.66 USD
2016-03-11 price VBMPX                              47.46 USD
2016-03-11 price RGAGX                              70.61 USD
2016-03-11 price ITOT                              184.25 USD
2016-03-11 price VEA                                93.53 USD
2016-03-11 price VHT                               141.62 USD
2016-03-11 price GLD                                78.19 USD
2016-03-18 price VBMPX                              47.87 USD
2016-03-18 price RGAGX                              70.71 USD
2016-03-18 price ITOT                              184.59 USD
2016-03-18 price VEA                                96.96 USD
2016-03-18 price VHT                               138.81 USD
2016-03-18 price GLD                                79.91 USD
2016-03-25 price VBMPX                              48.49 USD
2016-03-25 price RGAGX                              72.71 USD
2016-03-25 price ITOT                              185.50 USD
2016-03-25 price VEA                                99.66 USD
2016-03-25 price VHT                               140.58 USD
2016-03-25 price GLD                                83.19 USD
2016-04-01 price VBMPX                              48.45 USD
2016-04-01 price RGAGX                              73.97 USD
2016-04-01 price ITOT                              189.27 USD
2016-04-01 price VEA                                99.16 USD
2016-04-01 price VHT                               141.47 USD
2016-04-01 price GLD                                84.64 USD
2016-04-08 price VBMPX                              47.69 USD
2016-04-08 price RGAGX                              74.22 USD
2016-04-08 price ITOT                              195.86 USD
2016-04-08 price VEA                               100.00 USD
2016-04-08 price VHT                               142.40 USD
2016-04-08 price GLD                                85.28 USD
2016-04-15 price VBMPX                              46.90 USD
2016-04-15 price RGAGX                              73.43 USD
2016-04-15 price ITOT                              201.73 USD
2016-04-15 price VEA                                99.63 USD
2016-04-15 price VHT                               141.42 USD
2016-04-15 price GLD                                85.65 USD
2016-04-22 price VBMPX                              47.40 USD
2016-04-22 price RGAGX                              73.93 USD
2016-04-22 price ITOT                              197.40 USD
2016-04-22 price VEA                               101.33 USD
2016-04-22 price VHT                               140.92 USD
2016-04-22 price GLD                                86.13 USD
2016-04-29 price VBMPX                              47.61 USD
2016-04-29 price RGAGX                              74.15 USD
2016-04-29 price ITOT                              195.81 USD
2016-04-29 price VEA                                99.03 USD
2016-04-29 price VHT                               141.70 USD
2016-04-29 price GLD                                87.15 USD
2016-05-06 price VBMPX                              47.37 USD
2016-05-06 price RGAGX                              73.72 USD
2016-05-06 price ITOT                              189.68 USD
2016-05-06 price VEA                                98.30 USD
2016-05-06 price VHT                               142.55 USD
2016-05-06 price GLD                                87.69 USD
2016-05-13 price VBMPX                              46.70 USD
2016-05-13 price RGAGX                              73.95 USD
2016-05-13 price ITOT                              187.60 USD
2016-05-13 price VEA                                97.52 USD
2016-05-13 price VHT                               144.36 USD
2016-05-13 price GLD                                86.74 USD
2016-05-20 price VBMPX                              46.35 USD
2016-05-20 price RGAGX                              72.70 USD
2016-05-20 price ITOT                              181.22 USD
2016-05-20 price VEA                                95.95 USD
2016-05-20 price VHT                               141.98 USD
2016-05-20 price GLD                                86.82 USD
2016-05-27 price VBMPX                              45.91 USD
2016-05-27 price RGAGX                              72.09 USD
2016-05-27 price ITOT                              184.41 USD
2016-05-27 price VEA                                96.11 USD
2016-05-27 price VHT                               140.52 USD
2016-05-27 price GLD                                87.06 USD
2016-06-03 price VBMPX                              47.71 USD
2016-06-03 price RGAGX                              70.52 USD
2016-06-03 price ITOT                              179.45 USD
2016-06-03 price VEA                                98.55 USD
2016-06-03 price VHT                               140.62 USD
2016-06-03 price GLD                                87.61 USD
2016-06-10 price VBMPX                              45.94 USD
2016-06-10 price RGAGX                              71.91 USD
2016-06-10 price ITOT                              178.89 USD
2016-06-10 price VEA                                96.11 USD
2016-06-10 price VHT                               137.66 USD
2016-06-10 price GLD                                86.14 USD
2016-06-17 price VBMPX                              44.02 USD
2016-06-17 price RGAGX                              71.00 USD
2016-06-17 price ITOT                              177.42 USD
2016-06-17 price VEA                                93.62 USD
2016-06-17 price VHT                               138.97 USD
2016-06-17 price GLD                                86.63 USD
2016-06-24 price VBMPX                              43.37 USD
2016-06-24 price RGAGX                              70.44 USD
2016-06-24 price ITOT                              178.43 USD
2016-06-24 price VEA                                95.13 USD
2016-06-24 price VHT                               139.34 USD
2016-06-24 price GLD                                85.26 USD
2016-07-01 price VBMPX                              43.33 USD
2016-07-01 price RGAGX                              72.14 USD
2016-07-01 price ITOT                              173.16 USD
2016-07-01 price VEA                                99.77 USD
2016-07-01 price VHT                               140.11 USD
2016-07-01 price GLD                                86.17 USD
2016-07-08 price VBMPX                              43.61 USD
2016-07-08 price RGAGX                              72.13 USD
2016-07-08 price ITOT                              179.07 USD
2016-07-08 price VEA                               100.80 USD
2016-07-08 price VHT                               139.23 USD
2016-07-08 price GLD                                84.95 USD
2016-07-15 price VBMPX                              43.78 USD
2016-07-15 price RGAGX                              72.77 USD
2016-07-15 price ITOT                              171.91 USD
2016-07-15 price VEA                               102.62 USD
2016-07-15 price VHT                               138.87 USD
2016-07-15 price GLD                                87.43 USD
2016-07-22 price VBMPX                              43.36 USD
2016-07-22 price RGAGX                              73.35 USD
2016-07-22 price ITOT                              164.74 USD
2016-07-22 price VEA                               102.58 USD
2016-07-22 price VHT                               141.62 USD
2016-07-22 price GLD                                89.40 USD
2016-07-29 price VBMPX                              42.56 USD
2016-07-29 price RGAGX                              73.72 USD
2016-07-29 price ITOT                              164.28 USD
2016-07-29 price VEA                               104.84 USD
2016-07-29 price VHT                               142.65 USD
2016-07-29 price GLD                                90.01 USD
2016-08-05 price VBMPX                              44.27 USD
2016-08-05 price RGAGX                              75.78 USD
2016-08-05 price ITOT                              168.16 USD
2016-08-05 price VEA                               102.99 USD
2016-08-05 price VHT                               145.26 USD
2016-08-05 price GLD                                89.82 USD
2016-08-12 price VBMPX                              45.18 USD
2016-08-12 price RGAGX                              76.00 USD
2016-08-12 price ITOT                              166.69 USD
2016-08-12 price VEA                                98.99 USD
2016-08-12 price VHT                               143.85 USD
2016-08-12 price GLD                                91.09 USD
2016-08-19 price VBMPX                              45.88 USD
2016-08-19 price RGAGX                              80.00 USD
2016-08-19 price ITOT                              169.76 USD
2016-08-19 price VEA                               101.48 USD
2016-08-19 price VHT                               143.48 USD
2016-08-19 price GLD                                90.97 USD
2016-08-26 price VBMPX                              45.54 USD
2016-08-26 price RGAGX                              82.56 USD
2016-08-26 price ITOT                              168.30 USD
2016-08-26 price VEA                               102.35 USD
2016-08-26 price VHT                               145.52 USD
2016-08-26 price GLD                                90.20 USD
2016-09-02 price VBMPX                              45.96 USD
2016-09-02 price RGAGX                              81.99 USD
2016-09-02 price ITOT                              170.23 USD
2016-09-02 price VEA                                98.58 USD
2016-09-02 price VHT                               145.39 USD
2016-09-02 price GLD                                92.61 USD
2016-09-09 price VBMPX                              45.69 USD
2016-09-09 price RGAGX                              82.13 USD
2016-09-09 price ITOT                              163.36 USD
2016-09-09 price VEA                                97.78 USD
2016-09-09 price VHT                               145.11 USD
2016-09-09 price GLD                                91.79 USD
2016-09-16 price VBMPX                              43.94 USD
2016-09-16 price RGAGX                              81.93 USD
2016-09-16 price ITOT                              160.01 USD
2016-09-16 price VEA                                97.88 USD
2016-09-16 price VHT                               143.44 USD
2016-09-16 price GLD                                90.73 USD
2016-09-23 price VBMPX                              43.33 USD
2016-09-23 price RGAGX                              81.09 USD
2016-09-23 price ITOT                              158.34 USD
2016-09-23 price VEA                               101.48 USD
2016-09-23 price VHT                               146.87 USD
2016-09-23 price GLD                                90.55 USD
2016-09-30 price VBMPX                              43.23 USD
2016-09-30 price RGAGX                              81.74 USD
2016-09-30 price ITOT                              154.99 USD
2016-09-30 price VEA                               104.42 USD
2016-09-30 price VHT                               147.61 USD
2016-09-30 price GLD                                90.00 USD
2016-10-07 price VBMPX                              43.78 USD
2016-10-07 price RGAGX                              80.71 USD
2016-10-07 price ITOT                              157.94 USD
2016-10-07 price VEA                               104.11 USD
2016-10-07 price VHT                               149.32 USD
2016-10-07 price GLD                                87.43 USD
2016-10-14 price VBMPX                              42.47 USD
2016-10-14 price RGAGX                              80.57 USD
2016-10-14 price ITOT                              155.51 USD
2016-10-14 price VEA                               100.62 USD
2016-10-14 price VHT                               150.85 USD
2016-10-14 price GLD                                87.20 USD
2016-10-21 price VBMPX                              42.75 USD
2016-10-21 price RGAGX                              80.88 USD
2016-10-21 price ITOT                              157.40 USD
2016-10-21 price VEA                               103.80 USD
2016-10-21 price VHT                               150.53 USD
2016-10-21 price GLD                                87.27 USD
2016-10-28 price VBMPX                              42.96 USD
2016-10-28 price RGAGX                              82.62 USD
2016-10-28 price ITOT                              157.59 USD
2016-10-28 price VEA                               104.67 USD
2016-10-28 price VHT                               151.09 USD
2016-10-28 price GLD                                88.90 USD
2016-11-04 price VBMPX                              44.62 USD
2016-11-04 price RGAGX                              83.24 USD
2016-11-04 price ITOT                              152.87 USD
2016-11-04 price VEA                               105.77 USD
2016-11-04 price VHT                               150.10 USD
2016-11-04 price GLD                                89.04 USD
2016-11-11 price VBMPX                              45.78 USD
2016-11-11 price RGAGX                              84.12 USD
2016-11-11 price ITOT                              154.87 USD
2016-11-11 price VEA                               107.51 USD
2016-11-11 price VHT                               151.33 USD
2016-11-11 price GLD                                90.00 USD
2016-11-18 price VBMPX                              45.83 USD
2016-11-18 price RGAGX                              82.99 USD
2016-11-18 price ITOT                              152.15 USD
2016-11-18 price VEA                               106.76 USD
2016-11-18 price VHT                               149.63 USD
2016-11-18 price GLD                                93.23 USD
2016-11-25 price VBMPX                              44.69 USD
2016-11-25 price RGAGX                              81.72 USD
2016-11-25 price ITOT                              154.87 USD
2016-11-25 price VEA                               108.69 USD
2016-11-25 price VHT                               149.55 USD
2016-11-25 price GLD                                90.63 USD
2016-12-02 price VBMPX                              44.41 USD
2016-12-02 price RGAGX                              82.45 USD
2016-12-02 price ITOT                              157.97 USD
2016-12-02 price VEA                               111.59 USD
2016-12-02 price VHT                               152.47 USD
2016-12-02 price GLD                                89.48 USD
2016-12-09 price VBMPX                              45.00 USD
2016-12-09 price RGAGX                              81.17 USD
2016-12-09 price ITOT                              158.17 USD
2016-12-09 price VEA                               111.08 USD
2016-12-09 price VHT                               152.70 USD
2016-12-09 price GLD                                88.21 USD
2016-12-16 price VBMPX                              44.17 USD
2016-12-16 price RGAGX                              78.34 USD
2016-12-16 price ITOT                              156.85 USD
2016-12-16 price VEA                               114.53 USD
2016-12-16 price VHT                               153.47 USD
2016-12-16 price GLD                                86.63 USD
2016-12-23 price VBMPX                              45.24 USD
2016-12-23 price RGAGX                              77.09 USD
2016-12-23 price ITOT                              160.78 USD
2016-12-23 price VEA                               116.11 USD
2016-12-23 price VHT                               155.06 USD
2016-12-23 price GLD                                86.01 USD
2016-12-30 price VBMPX                              44.26 USD
2016-12-30 price RGAGX                              77.40 USD
2016-12-30 price ITOT                              159.32 USD
2016-12-30 price VEA                               115.27 USD
2016-12-30 price VHT                               155.21 USD
2016-12-30 price GLD                                88.24 USD
2017-01-06 price VBMPX                              44.70 USD
2017-01-06 price RGAGX                              76.41 USD
2017-01-06 price ITOT                              165.58 USD
2017-01-06 price VEA                               119.50 USD
2017-01-06 price VHT                               156.12 USD
2017-01-06 price GLD                                87.47 USD
2017-01-13 price VBMPX                              43.27 USD
2017-01-13 price RGAGX                              76.99 USD
2017-01-13 price ITOT                              169.06 USD
2017-01-13 price VEA                               118.43 USD
2017-01-13 price VHT                               158.04 USD
2017-01-13 price GLD                                87.26 USD
2017-01-20 price VBMPX                              43.01 USD
2017-01-20 price RGAGX                              76.46 USD
2017-01-20 price ITOT                              173.20 USD
2017-01-20 price VEA                               118.24 USD
2017-01-20 price VHT                               159.07 USD
2017-01-20 price GLD                                86.56 USD
2017-01-27 price VBMPX                              43.42 USD
2017-01-27 price RGAGX                              77.16 USD
2017-01-27 price ITOT                              175.41 USD
2017-01-27 price VEA                               119.16 USD
2017-01-27 price VHT                               161.12 USD
2017-01-27 price GLD                                88.16 USD
2017-02-03 price VBMPX                              42.68 USD
2017-02-03 price RGAGX                              75.36 USD
2017-02-03 price ITOT                              175.46 USD
2017-02-03 price VEA                               118.03 USD
2017-02-03 price VHT                               161.22 USD
2017-02-03 price GLD                                86.57 USD
2017-02-10 price VBMPX                              43.21 USD
2017-02-10 price RGAGX                              74.78 USD
2017-02-10 price ITOT                              175.83 USD
2017-02-10 price VEA                               118.20 USD
2017-02-10 price VHT                               160.68 USD
2017-02-10 price GLD                                85.52 USD
2017-02-17 price VBMPX                              42.00 USD
2017-02-17 price RGAGX                              72.63 USD
2017-02-17 price ITOT                              177.46 USD
2017-02-17 price VEA                               119.13 USD
2017-02-17 price VHT                               160.32 USD
2017-02-17 price GLD                                85.43 USD
2017-02-24 price VBMPX                              41.58 USD
2017-02-24 price RGAGX                              73.55 USD
2017-02-24 price ITOT                              179.41 USD
2017-02-24 price VEA                               123.46 USD
2017-02-24 price VHT                               158.86 USD
2017-02-24 price GLD                                87.45 USD
2017-03-03 price VBMPX                              41.95 USD
2017-03-03 price RGAGX                              72.70 USD
2017-03-03 price ITOT                              178.87 USD
2017-03-03 price VEA                               122.29 USD
2017-03-03 price VHT                               158.19 USD
2017-03-03 price GLD                                87.68 USD
2017-03-10 price VBMPX                              41.95 USD
2017-03-10 price RGAGX                              70.57 USD
2017-03-10 price ITOT                              181.20 USD
2017-03-10 price VEA                               123.15 USD
2017-03-10 price VHT                               161.31 USD
2017-03-10 price GLD                                84.96 USD
2017-03-17 price VBMPX                              42.93 USD
2017-03-17 price RGAGX                              70.78 USD
2017-03-17 price ITOT                              180.32 USD
2017-03-17 price VEA                               126.65 USD
2017-03-17 price VHT                               161.92 USD
2017-03-17 price GLD                                84.40 USD
2017-03-24 price VBMPX                              43.59 USD
2017-03-24 price RGAGX                              71.00 USD
2017-03-24 price ITOT                              179.76 USD
2017-03-24 price VEA                               123.06 USD
2017-03-24 price VHT                               163.25 USD
2017-03-24 price GLD                                84.53 USD
2017-03-31 price VBMPX                              43.80 USD
2017-03-31 price RGAGX                              72.51 USD
2017-03-31 price ITOT                              178.85 USD
2017-03-31 price VEA                               120.97 USD
2017-03-31 price VHT                               163.02 USD
2017-03-31 price GLD                                84.49 USD
2017-04-07 price VBMPX                              42.93 USD
2017-04-07 price RGAGX                              75.10 USD
2017-04-07 price ITOT                              177.99 USD
2017-04-07 price VEA                               125.53 USD
2017-04-07 price VHT                               163.66 USD
2017-04-07 price GLD                                85.47 USD
2017-04-14 price VBMPX                              41.93 USD
2017-04-14 price RGAGX                              73.82 USD
2017-04-14 price ITOT                              176.94 USD
2017-04-14 price VEA                               126.07 USD
2017-04-14 price VHT                               167.12 USD
2017-04-14 price GLD                                82.18 USD
2017-04-21 price VBMPX                              42.21 USD
2017-04-21 price RGAGX                              74.70 USD
2017-04-21 price ITOT                              179.19 USD
2017-04-21 price VEA                               123.99 USD
2017-04-21 price VHT                               167.95 USD
2017-04-21 price GLD                                81.47 USD
2017-04-28 price VBMPX                              42.08 USD
2017-04-28 price RGAGX                              73.62 USD
2017-04-28 price ITOT                              177.67 USD
2017-04-28 price VEA                               120.32 USD
2017-04-28 price VHT                               170.10 USD
2017-04-28 price GLD                                83.61 USD
2017-05-05 price VBMPX                              42.12 USD
2017-05-05 price RGAGX                              73.03 USD
2017-05-05 price ITOT                              180.51 USD
2017-05-05 price VEA                               123.65 USD
2017-05-05 price VHT                               171.09 USD
2017-05-05 price GLD                                84.89 USD
2017-05-12 price VBMPX                              43.74 USD
2017-05-12 price RGAGX                              72.61 USD
2017-05-12 price ITOT                              174.70 USD
2017-05-12 price VEA                               125.19 USD
2017-05-12 price VHT                               170.18 USD
2017-05-12 price GLD                                82.29 USD
2017-05-19 price VBMPX                              43.47 USD
2017-05-19 price RGAGX                              74.64 USD
2017-05-19 price ITOT                              172.62 USD
2017-05-19 price VEA                               122.06 USD
2017-05-19 price VHT                               167.57 USD
2017-05-19 price GLD                                85.36 USD
2017-05-26 price VBMPX                              43.00 USD
2017-05-26 price RGAGX                              75.83 USD
2017-05-26 price ITOT                              176.45 USD
2017-05-26 price VEA                               120.79 USD
2017-05-26 price VHT                               164.02 USD
2017-05-26 price GLD                                84.79 USD
2017-06-02 price VBMPX                              44.03 USD
2017-06-02 price RGAGX                              75.14 USD
2017-06-02 price ITOT                              177.44 USD
2017-06-02 price VEA                               124.19 USD
2017-06-02 price VHT                               165.64 USD
2017-06-02 price GLD                                87.46 USD
2017-06-09 price VBMPX                              45.31 USD
2017-06-09 price RGAGX                              74.61 USD
2017-06-09 price ITOT                              180.36 USD
2017-06-09 price VEA                               124.15 USD
2017-06-09 price VHT                               164.07 USD
2017-06-09 price GLD                                88.29 USD
2017-06-16 price VBMPX                              45.98 USD
2017-06-16 price RGAGX                              75.70 USD
2017-06-16 price ITOT                              180.88 USD
2017-06-16 price VEA                               126.70 USD
2017-06-16 price VHT                               164.06 USD
2017-06-16 price GLD                                86.96 USD
2017-06-23 price VBMPX                              45.76 USD
2017-06-23 price RGAGX                              77.13 USD
2017-06-23 price ITOT                              189.53 USD
2017-06-23 price VEA                               122.63 USD
2017-06-23 price VHT                               165.06 USD
2017-06-23 price GLD                                84.18 USD
2017-06-30 price VBMPX                              46.47 USD
2017-06-30 price RGAGX                              76.46 USD
2017-06-30 price ITOT                              187.26 USD
2017-06-30 price VEA                               121.43 USD
2017-06-30 price VHT                               166.01 USD
2017-06-30 price GLD                                84.39 USD
2017-07-07 price VBMPX                              45.91 USD
2017-07-07 price RGAGX                              76.91 USD
2017-07-07 price ITOT                              180.64 USD
2017-07-07 price VEA                               119.81 USD
2017-07-07 price VHT                               166.53 USD
2017-07-07 price GLD                                85.93 USD
2017-07-14 price VBMPX                              46.23 USD
2017-07-14 price RGAGX                              79.04 USD
2017-07-14 price ITOT                              180.21 USD
2017-07-14 price VEA                               118.28 USD
2017-07-14 price VHT                               168.04 USD
2017-07-14 price GLD                                86.49 USD
2017-07-21 price VBMPX                              46.65 USD
2017-07-21 price RGAGX                              79.82 USD
2017-07-21 price ITOT                              177.51 USD
2017-07-21 price VEA                               119.96 USD
2017-07-21 price VHT                               169.67 USD
2017-07-21 price GLD                                87.27 USD
2017-07-28 price VBMPX                              47.20 USD
2017-07-28 price RGAGX                              77.37 USD
2017-07-28 price ITOT                              182.64 USD
2017-07-28 price VEA                               120.40 USD
2017-07-28 price VHT                               168.38 USD
2017-07-28 price GLD                                88.29 USD
2017-08-04 price VBMPX                              46.45 USD
2017-08-04 price RGAGX                              78.07 USD
2017-08-04 price ITOT                              182.54 USD
2017-08-04 price VEA                               119.74 USD
2017-08-04 price VHT                               169.21 USD
2017-08-04 price GLD                                87.39 USD
2017-08-11 price VBMPX                              45.17 USD
2017-08-11 price RGAGX                              77.17 USD
2017-08-11 price ITOT                              179.17 USD
2017-08-11 price VEA                               119.95 USD
2017-08-11 price VHT                               169.40 USD
2017-08-11 price GLD                                88.91 USD
2017-08-18 price VBMPX                              44.99 USD
2017-08-18 price RGAGX                              77.96 USD
2017-08-18 price ITOT                              179.87 USD
2017-08-18 price VEA                               120.74 USD
2017-08-18 price VHT                               167.93 USD
2017-08-18 price GLD                                89.38 USD
2017-08-25 price VBMPX                              45.64 USD
2017-08-25 price RGAGX                              78.41 USD
2017-08-25 price ITOT                              180.87 USD
2017-08-25 price VEA                               123.10 USD
2017-08-25 price VHT                               164.24 USD
2017-08-25 price GLD                                89.22 USD
2017-09-01 price VBMPX                              45.75 USD
2017-09-01 price RGAGX                              78.01 USD
2017-09-01 price ITOT                              176.81 USD
2017-09-01 price VEA                               121.43 USD
2017-09-01 price VHT                               166.75 USD
2017-09-01 price GLD                                90.00 USD
2017-09-08 price VBMPX                              45.52 USD
2017-09-08 price RGAGX                              77.08 USD
2017-09-08 price ITOT                              176.96 USD
2017-09-08 price VEA                               122.43 USD
2017-09-08 price VHT                               168.47 USD
2017-09-08 price GLD                                92.44 USD
2017-09-15 price VBMPX                              45.27 USD
2017-09-15 price RGAGX                              78.85 USD
2017-09-15 price ITOT                              181.15 USD
2017-09-15 price VEA                               120.36 USD
2017-09-15 price VHT                               168.40 USD
2017-09-15 price GLD                                94.42 USD
2017-09-22 price VBMPX                              45.15 USD
2017-09-22 price RGAGX                              76.65 USD
2017-09-22 price ITOT                              179.14 USD
2017-09-22 price VEA                               118.95 USD
2017-09-22 price VHT                               167.34 USD
2017-09-22 price GLD                                96.11 USD
2017-09-29 price VBMPX                              45.23 USD
2017-09-29 price RGAGX                              76.83 USD
2017-09-29 price ITOT                              183.66 USD
2017-09-29 price VEA                               118.98 USD
2017-09-29 price VHT                               169.71 USD
2017-09-29 price GLD                                96.36 USD
2017-10-06 price VBMPX                              44.83 USD
2017-10-06 price RGAGX                              77.31 USD
2017-10-06 price ITOT                              180.87 USD
2017-10-06 price VEA                               118.10 USD
2017-10-06 price VHT                               168.87 USD
2017-10-06 price GLD                                97.09 USD
2017-10-13 price VBMPX                              44.88 USD
2017-10-13 price RGAGX                              74.76 USD
2017-10-13 price ITOT                              183.26 USD
2017-10-13 price VEA                               116.93 USD
2017-10-13 price VHT                               165.45 USD
2017-10-13 price GLD                                97.28 USD
2017-10-20 price VBMPX                              45.31 USD
2017-10-20 price RGAGX                              74.24 USD
2017-10-20 price ITOT                              183.44 USD
2017-10-20 price VEA                               112.61 USD
2017-10-20 price VHT                               161.18 USD
2017-10-20 price GLD                                96.40 USD
2017-10-27 price VBMPX                              45.25 USD
2017-10-27 price RGAGX                              72.54 USD
2017-10-27 price ITOT                              186.36 USD
2017-10-27 price VEA                               112.33 USD
2017-10-27 price VHT                               164.88 USD
2017-10-27 price GLD                                95.28 USD
2017-11-03 price VBMPX                              45.41 USD
2017-11-03 price RGAGX                              72.57 USD
2017-11-03 price ITOT                              183.37 USD
2017-11-03 price VEA                               110.52 USD
2017-11-03 price VHT                               167.92 USD
2017-11-03 price GLD                                94.32 USD
2017-11-10 price VBMPX                              45.58 USD
2017-11-10 price RGAGX                              70.59 USD
2017-11-10 price ITOT                              180.74 USD
2017-11-10 price VEA                               107.34 USD
2017-11-10 price VHT                               169.44 USD
2017-11-10 price GLD                                94.68 USD



* Cash

