;; -*- mode: org; mode: beancount; -*-
;; Birth: 1980-05-12
;; Dates: 2016-01-01 - 2018-02-28
;; THIS FILE HAS BEEN AUTO-GENERATED.
* Options

option "title" "Example Beancount file"
option "operating_currency" "USD"




* Commodities


1792-01-01 commodity USD
  export: "CASH"
  name: "US Dollar"

1900-01-01 commodity VMMXX
  export: "MUTF:VMMXX (MONEY:USD)"

1980-05-12 commodity VACHR
  export: "IGNORE"
  name: "Employer Vacation Hours"

1980-05-12 commodity IRAUSD
  export: "IGNORE"
  name: "US 401k and IRA Contributions"

1995-09-18 commodity VBMPX
  export: "MUTF:VBMPX"
  name: "Vanguard Total Bond Market Index Fund Institutional Plus Shares"
  price: "USD:google/MUTF:VBMPX"

2004-01-20 commodity ITOT
  export: "NYSEARCA:ITOT"
  name: "iShares Core S&P Total U.S. Stock Market ETF"
  price: "USD:google/NYSEARCA:ITOT"

2004-01-26 commodity VHT
  export: "NYSEARCA:VHT"
  name: "Vanguard Health Care ETF"
  price: "USD:google/NYSEARCA:VHT"

2004-11-01 commodity GLD
  export: "NYSEARCA:GLD"
  name: "SPDR Gold Trust (ETF)"
  price: "USD:google/NYSEARCA:GLD"

2007-07-20 commodity VEA
  export: "NYSEARCA:VEA"
  name: "Vanguard FTSE Developed Markets ETF"
  price: "USD:google/NYSEARCA:VEA"

2009-05-01 commodity RGAGX
  export: "MUTF:RGAGX"
  name: "American Funds The Growth Fund of America Class R-6"
  price: "USD:google/MUTF:RGAGX"



* Equity Accounts

1980-05-12 open Equity:Opening-Balances
1980-05-12 open Liabilities:AccountsPayable



* Banking

2016-01-01 open Assets:US:BofA
  address: "123 America Street, LargeTown, USA"
  institution: "Bank of America"
  phone: "+1.012.345.6789"
2016-01-01 open Assets:US:BofA:Checking                        USD
  account: "00234-48574897"

2016-01-01 * "Opening Balance for checking account"
  Assets:US:BofA:Checking                         4348.56 USD
  Equity:Opening-Balances                        -4348.56 USD

2016-01-02 balance Assets:US:BofA:Checking        4348.56 USD

2016-01-04 * "BANK FEES" "Monthly bank fee"
  Assets:US:BofA:Checking                           -4.00 USD
  Expenses:Financial:Fees                            4.00 USD

2016-01-04 * "RiverBank Properties" "Paying the rent"
  Assets:US:BofA:Checking                        -2400.00 USD
  Expenses:Home:Rent                              2400.00 USD

2016-01-08 * "EDISON POWER" ""
  Assets:US:BofA:Checking                          -65.00 USD
  Expenses:Home:Electricity                         65.00 USD

2016-01-18 * "Verizon Wireless" ""
  Assets:US:BofA:Checking                          -52.92 USD
  Expenses:Home:Phone                               52.92 USD

2016-01-21 * "Wine-Tarner Cable" ""
  Assets:US:BofA:Checking                          -79.93 USD
  Expenses:Home:Internet                            79.93 USD

2016-01-28 balance Assets:US:BofA:Checking        4290.33 USD

2016-02-04 * "BANK FEES" "Monthly bank fee"
  Assets:US:BofA:Checking                           -4.00 USD
  Expenses:Financial:Fees                            4.00 USD

2016-02-04 * "RiverBank Properties" "Paying the rent"
  Assets:US:BofA:Checking                        -2400.00 USD
  Expenses:Home:Rent                              2400.00 USD

2016-02-09 * "EDISON POWER" ""
  Assets:US:BofA:Checking                          -65.00 USD
  Expenses:Home:Electricity                         65.00 USD

2016-02-20 * "Verizon Wireless" ""
  Assets:US:BofA:Checking                          -67.38 USD
  Expenses:Home:Phone                               67.38 USD

2016-02-22 * "Wine-Tarner Cable" ""
  Assets:US:BofA:Checking                          -79.94 USD
  Expenses:Home:Internet                            79.94 USD

2016-02-27 balance Assets:US:BofA:Checking        3788.56 USD

2016-03-04 * "BANK FEES" "Monthly bank fee"
  Assets:US:BofA:Checking                           -4.00 USD
  Expenses:Financial:Fees                            4.00 USD

2016-03-06 * "RiverBank Properties" "Paying the rent"
  Assets:US:BofA:Checking                        -2400.00 USD
  Expenses:Home:Rent                              2400.00 USD

2016-03-09 * "EDISON POWER" ""
  Assets:US:BofA:Checking                          -65.00 USD
  Expenses:Home:Electricity                         65.00 USD

2016-03-19 * "Verizon Wireless" ""
  Assets:US:BofA:Checking                          -68.15 USD
  Expenses:Home:Phone                               68.15 USD

2016-03-20 balance Assets:US:BofA:Checking        3263.47 USD

2016-03-21 * "Wine-Tarner Cable" ""
  Assets:US:BofA:Checking                          -80.15 USD
  Expenses:Home:Internet                            80.15 USD

2016-04-03 * "RiverBank Properties" "Paying the rent"
  Assets:US:BofA:Checking                        -2400.00 USD
  Expenses:Home:Rent                              2400.00 USD

2016-04-04 * "BANK FEES" "Monthly bank fee"
  Assets:US:BofA:Checking                           -4.00 USD
  Expenses:Financial:Fees                            4.00 USD

2016-04-09 * "EDISON POWER" ""
  Assets:US:BofA:Checking                          -65.00 USD
  Expenses:Home:Electricity                         65.00 USD

2016-04-10 balance Assets:US:BofA:Checking        1248.40 USD

2016-04-18 * "Verizon Wireless" ""
  Assets:US:BofA:Checking                          -59.50 USD
  Expenses:Home:Phone                               59.50 USD

2016-04-23 * "Wine-Tarner Cable" ""
  Assets:US:BofA:Checking                          -79.87 USD
  Expenses:Home:Internet                            79.87 USD

2016-05-04 * "BANK FEES" "Monthly bank fee"
  Assets:US:BofA:Checking                           -4.00 USD
  Expenses:Financial:Fees                            4.00 USD

2016-05-04 * "RiverBank Properties" "Paying the rent"
  Assets:US:BofA:Checking                        -2400.00 USD
  Expenses:Home:Rent                              2400.00 USD

2016-05-09 * "EDISON POWER" ""
  Assets:US:BofA:Checking                          -65.00 USD
  Expenses:Home:Electricity                         65.00 USD

2016-05-10 balance Assets:US:BofA:Checking         680.76 USD

2016-05-20 * "Verizon Wireless" ""
  Assets:US:BofA:Checking                          -62.49 USD
  Expenses:Home:Phone                               62.49 USD

2016-05-22 * "Wine-Tarner Cable" ""
  Assets:US:BofA:Checking                          -79.94 USD
  Expenses:Home:Internet                            79.94 USD

2016-06-04 * "BANK FEES" "Monthly bank fee"
  Assets:US:BofA:Checking                           -4.00 USD
  Expenses:Financial:Fees                            4.00 USD

2016-06-04 * "RiverBank Properties" "Paying the rent"
  Assets:US:BofA:Checking                        -2400.00 USD
  Expenses:Home:Rent                              2400.00 USD

2016-06-08 balance Assets:US:BofA:Checking         835.53 USD

2016-06-09 * "EDISON POWER" ""
  Assets:US:BofA:Checking                          -65.00 USD
  Expenses:Home:Electricity                         65.00 USD

2016-06-19 * "Verizon Wireless" ""
  Assets:US:BofA:Checking                          -71.29 USD
  Expenses:Home:Phone                               71.29 USD

2016-06-21 * "Wine-Tarner Cable" ""
  Assets:US:BofA:Checking                          -80.07 USD
  Expenses:Home:Internet                            80.07 USD

2016-07-04 * "BANK FEES" "Monthly bank fee"
  Assets:US:BofA:Checking                           -4.00 USD
  Expenses:Financial:Fees                            4.00 USD

2016-07-04 * "RiverBank Properties" "Paying the rent"
  Assets:US:BofA:Checking                        -2400.00 USD
  Expenses:Home:Rent                              2400.00 USD

2016-07-07 balance Assets:US:BofA:Checking              0 USD

2016-07-08 * "EDISON POWER" ""
  Assets:US:BofA:Checking                          -65.00 USD
  Expenses:Home:Electricity                         65.00 USD

2016-07-19 * "Verizon Wireless" ""
  Assets:US:BofA:Checking                          -70.13 USD
  Expenses:Home:Phone                               70.13 USD

2016-07-21 * "Wine-Tarner Cable" ""
  Assets:US:BofA:Checking                          -80.01 USD
  Expenses:Home:Internet                            80.01 USD

2016-08-01 balance Assets:US:BofA:Checking        2100.43 USD

2016-08-04 * "BANK FEES" "Monthly bank fee"
  Assets:US:BofA:Checking                           -4.00 USD
  Expenses:Financial:Fees                            4.00 USD

2016-08-04 * "RiverBank Properties" "Paying the rent"
  Assets:US:BofA:Checking                        -2400.00 USD
  Expenses:Home:Rent                              2400.00 USD

2016-08-08 * "EDISON POWER" ""
  Assets:US:BofA:Checking                          -65.00 USD
  Expenses:Home:Electricity                         65.00 USD

2016-08-18 * "Verizon Wireless" ""
  Assets:US:BofA:Checking                          -53.10 USD
  Expenses:Home:Phone                               53.10 USD

2016-08-19 * "Transfering accumulated savings to other account"
  Assets:US:BofA:Checking                           -3000 USD
  Assets:US:ETrade:Cash                              3000 USD

2016-08-22 balance Assets:US:BofA:Checking        1055.44 USD

2016-08-22 * "Wine-Tarner Cable" ""
  Assets:US:BofA:Checking                          -79.82 USD
  Expenses:Home:Internet                            79.82 USD

2016-09-03 * "RiverBank Properties" "Paying the rent"
  Assets:US:BofA:Checking                        -2400.00 USD
  Expenses:Home:Rent                              2400.00 USD

2016-09-04 * "BANK FEES" "Monthly bank fee"
  Assets:US:BofA:Checking                           -4.00 USD
  Expenses:Financial:Fees                            4.00 USD

2016-09-09 * "EDISON POWER" ""
  Assets:US:BofA:Checking                          -65.00 USD
  Expenses:Home:Electricity                         65.00 USD

2016-09-16 balance Assets:US:BofA:Checking        2924.11 USD

2016-09-18 * "Verizon Wireless" ""
  Assets:US:BofA:Checking                          -42.80 USD
  Expenses:Home:Phone                               42.80 USD

2016-09-23 * "Wine-Tarner Cable" ""
  Assets:US:BofA:Checking                          -79.99 USD
  Expenses:Home:Internet                            79.99 USD

2016-10-04 * "BANK FEES" "Monthly bank fee"
  Assets:US:BofA:Checking                           -4.00 USD
  Expenses:Financial:Fees                            4.00 USD

2016-10-05 * "RiverBank Properties" "Paying the rent"
  Assets:US:BofA:Checking                        -2400.00 USD
  Expenses:Home:Rent                              2400.00 USD

2016-10-08 * "EDISON POWER" ""
  Assets:US:BofA:Checking                          -65.00 USD
  Expenses:Home:Electricity                         65.00 USD

2016-10-10 balance Assets:US:BofA:Checking        2882.92 USD

2016-10-14 * "Transfering accumulated savings to other account"
  Assets:US:BofA:Checking                           -4000 USD
  Assets:US:ETrade:Cash                              4000 USD

2016-10-19 * "Verizon Wireless" ""
  Assets:US:BofA:Checking                          -60.90 USD
  Expenses:Home:Phone                               60.90 USD

2016-10-22 * "Wine-Tarner Cable" ""
  Assets:US:BofA:Checking                          -79.92 USD
  Expenses:Home:Internet                            79.92 USD

2016-11-01 balance Assets:US:BofA:Checking        3147.22 USD

2016-11-03 * "RiverBank Properties" "Paying the rent"
  Assets:US:BofA:Checking                        -2400.00 USD
  Expenses:Home:Rent                              2400.00 USD

2016-11-04 * "BANK FEES" "Monthly bank fee"
  Assets:US:BofA:Checking                           -4.00 USD
  Expenses:Financial:Fees                            4.00 USD

2016-11-08 * "EDISON POWER" ""
  Assets:US:BofA:Checking                          -65.00 USD
  Expenses:Home:Electricity                         65.00 USD

2016-11-19 * "Verizon Wireless" ""
  Assets:US:BofA:Checking                          -57.46 USD
  Expenses:Home:Phone                               57.46 USD

2016-11-21 balance Assets:US:BofA:Checking        2575.97 USD

2016-11-21 * "Wine-Tarner Cable" ""
  Assets:US:BofA:Checking                          -79.87 USD
  Expenses:Home:Internet                            79.87 USD

2016-12-04 * "BANK FEES" "Monthly bank fee"
  Assets:US:BofA:Checking                           -4.00 USD
  Expenses:Financial:Fees                            4.00 USD

2016-12-04 * "RiverBank Properties" "Paying the rent"
  Assets:US:BofA:Checking                        -2400.00 USD
  Expenses:Home:Rent                              2400.00 USD

2016-12-08 * "EDISON POWER" ""
  Assets:US:BofA:Checking                          -65.00 USD
  Expenses:Home:Electricity                         65.00 USD

2016-12-17 balance Assets:US:BofA:Checking        4536.28 USD

2016-12-18 * "Verizon Wireless" ""
  Assets:US:BofA:Checking                          -53.18 USD
  Expenses:Home:Phone                               53.18 USD

2016-12-23 * "Wine-Tarner Cable" ""
  Assets:US:BofA:Checking                          -79.91 USD
  Expenses:Home:Internet                            79.91 USD

2017-01-04 * "BANK FEES" "Monthly bank fee"
  Assets:US:BofA:Checking                           -4.00 USD
  Expenses:Financial:Fees                            4.00 USD

2017-01-05 * "RiverBank Properties" "Paying the rent"
  Assets:US:BofA:Checking                        -2400.00 USD
  Expenses:Home:Rent                              2400.00 USD

2017-01-08 * "EDISON POWER" ""
  Assets:US:BofA:Checking                          -65.00 USD
  Expenses:Home:Electricity                         65.00 USD

2017-01-15 balance Assets:US:BofA:Checking        5361.33 USD

2017-01-20 * "Verizon Wireless" ""
  Assets:US:BofA:Checking                          -45.40 USD
  Expenses:Home:Phone                               45.40 USD

2017-01-23 * "Wine-Tarner Cable" ""
  Assets:US:BofA:Checking                          -80.03 USD
  Expenses:Home:Internet                            80.03 USD

2017-02-03 * "RiverBank Properties" "Paying the rent"
  Assets:US:BofA:Checking                        -2400.00 USD
  Expenses:Home:Rent                              2400.00 USD

2017-02-04 * "BANK FEES" "Monthly bank fee"
  Assets:US:BofA:Checking                           -4.00 USD
  Expenses:Financial:Fees                            4.00 USD

2017-02-08 * "EDISON POWER" ""
  Assets:US:BofA:Checking                          -65.00 USD
  Expenses:Home:Electricity                         65.00 USD

2017-02-13 balance Assets:US:BofA:Checking        4586.62 USD

2017-02-19 * "Verizon Wireless" ""
  Assets:US:BofA:Checking                          -51.97 USD
  Expenses:Home:Phone                               51.97 USD

2017-02-22 * "Wine-Tarner Cable" ""
  Assets:US:BofA:Checking                          -80.08 USD
  Expenses:Home:Internet                            80.08 USD

2017-03-04 * "BANK FEES" "Monthly bank fee"
  Assets:US:BofA:Checking                           -4.00 USD
  Expenses:Financial:Fees                            4.00 USD

2017-03-06 * "RiverBank Properties" "Paying the rent"
  Assets:US:BofA:Checking                        -2400.00 USD
  Expenses:Home:Rent                              2400.00 USD

2017-03-09 * "EDISON POWER" ""
  Assets:US:BofA:Checking                          -65.00 USD
  Expenses:Home:Electricity                         65.00 USD

2017-03-10 balance Assets:US:BofA:Checking        4238.87 USD

2017-03-20 * "Verizon Wireless" ""
  Assets:US:BofA:Checking                          -62.59 USD
  Expenses:Home:Phone                               62.59 USD

2017-03-22 * "Wine-Tarner Cable" ""
  Assets:US:BofA:Checking                          -79.89 USD
  Expenses:Home:Internet                            79.89 USD

2017-03-31 balance Assets:US:BofA:Checking        6077.55 USD

2017-04-04 * "BANK FEES" "Monthly bank fee"
  Assets:US:BofA:Checking                           -4.00 USD
  Expenses:Financial:Fees                            4.00 USD

2017-04-06 * "RiverBank Properties" "Paying the rent"
  Assets:US:BofA:Checking                        -2400.00 USD
  Expenses:Home:Rent                              2400.00 USD

2017-04-09 * "EDISON POWER" ""
  Assets:US:BofA:Checking                          -65.00 USD
  Expenses:Home:Electricity                         65.00 USD

2017-04-19 * "Verizon Wireless" ""
  Assets:US:BofA:Checking                          -56.59 USD
  Expenses:Home:Phone                               56.59 USD

2017-04-21 * "Wine-Tarner Cable" ""
  Assets:US:BofA:Checking                          -80.09 USD
  Expenses:Home:Internet                            80.09 USD

2017-04-25 balance Assets:US:BofA:Checking        3997.98 USD

2017-05-04 * "BANK FEES" "Monthly bank fee"
  Assets:US:BofA:Checking                           -4.00 USD
  Expenses:Financial:Fees                            4.00 USD

2017-05-06 * "RiverBank Properties" "Paying the rent"
  Assets:US:BofA:Checking                        -2400.00 USD
  Expenses:Home:Rent                              2400.00 USD

2017-05-09 * "EDISON POWER" ""
  Assets:US:BofA:Checking                          -65.00 USD
  Expenses:Home:Electricity                         65.00 USD

2017-05-17 balance Assets:US:BofA:Checking        3585.65 USD

2017-05-19 * "Verizon Wireless" ""
  Assets:US:BofA:Checking                          -60.70 USD
  Expenses:Home:Phone                               60.70 USD

2017-05-21 * "Wine-Tarner Cable" ""
  Assets:US:BofA:Checking                          -79.95 USD
  Expenses:Home:Internet                            79.95 USD

2017-06-04 * "BANK FEES" "Monthly bank fee"
  Assets:US:BofA:Checking                           -4.00 USD
  Expenses:Financial:Fees                            4.00 USD

2017-06-05 * "RiverBank Properties" "Paying the rent"
  Assets:US:BofA:Checking                        -2400.00 USD
  Expenses:Home:Rent                              2400.00 USD

2017-06-08 * "EDISON POWER" ""
  Assets:US:BofA:Checking                          -65.00 USD
  Expenses:Home:Electricity                         65.00 USD

2017-06-15 balance Assets:US:BofA:Checking        3180.71 USD

2017-06-18 * "Verizon Wireless" ""
  Assets:US:BofA:Checking                          -44.08 USD
  Expenses:Home:Phone                               44.08 USD

2017-06-22 * "Wine-Tarner Cable" ""
  Assets:US:BofA:Checking                          -79.94 USD
  Expenses:Home:Internet                            79.94 USD

2017-07-04 * "BANK FEES" "Monthly bank fee"
  Assets:US:BofA:Checking                           -4.00 USD
  Expenses:Financial:Fees                            4.00 USD

2017-07-04 * "RiverBank Properties" "Paying the rent"
  Assets:US:BofA:Checking                        -2400.00 USD
  Expenses:Home:Rent                              2400.00 USD

2017-07-09 * "EDISON POWER" ""
  Assets:US:BofA:Checking                          -65.00 USD
  Expenses:Home:Electricity                         65.00 USD

2017-07-10 balance Assets:US:BofA:Checking        2965.55 USD

2017-07-18 * "Verizon Wireless" ""
  Assets:US:BofA:Checking                          -60.62 USD
  Expenses:Home:Phone                               60.62 USD

2017-07-23 * "Wine-Tarner Cable" ""
  Assets:US:BofA:Checking                          -80.03 USD
  Expenses:Home:Internet                            80.03 USD

2017-08-04 * "BANK FEES" "Monthly bank fee"
  Assets:US:BofA:Checking                           -4.00 USD
  Expenses:Financial:Fees                            4.00 USD

2017-08-04 * "RiverBank Properties" "Paying the rent"
  Assets:US:BofA:Checking                        -2400.00 USD
  Expenses:Home:Rent                              2400.00 USD

2017-08-07 balance Assets:US:BofA:Checking        3822.10 USD

2017-08-08 * "EDISON POWER" ""
  Assets:US:BofA:Checking                          -65.00 USD
  Expenses:Home:Electricity                         65.00 USD

2017-08-18 * "Verizon Wireless" ""
  Assets:US:BofA:Checking                          -55.70 USD
  Expenses:Home:Phone                               55.70 USD

2017-08-18 * "Transfering accumulated savings to other account"
  Assets:US:BofA:Checking                           -4500 USD
  Assets:US:ETrade:Cash                              4500 USD

2017-08-22 * "Wine-Tarner Cable" ""
  Assets:US:BofA:Checking                          -80.01 USD
  Expenses:Home:Internet                            80.01 USD

2017-09-01 balance Assets:US:BofA:Checking        3617.53 USD

2017-09-04 * "BANK FEES" "Monthly bank fee"
  Assets:US:BofA:Checking                           -4.00 USD
  Expenses:Financial:Fees                            4.00 USD

2017-09-04 * "RiverBank Properties" "Paying the rent"
  Assets:US:BofA:Checking                        -2400.00 USD
  Expenses:Home:Rent                              2400.00 USD

2017-09-08 * "EDISON POWER" ""
  Assets:US:BofA:Checking                          -65.00 USD
  Expenses:Home:Electricity                         65.00 USD

2017-09-20 * "Verizon Wireless" ""
  Assets:US:BofA:Checking                          -62.11 USD
  Expenses:Home:Phone                               62.11 USD

2017-09-21 * "Wine-Tarner Cable" ""
  Assets:US:BofA:Checking                          -80.08 USD
  Expenses:Home:Internet                            80.08 USD

2017-09-27 balance Assets:US:BofA:Checking        3006.87 USD

2017-10-04 * "BANK FEES" "Monthly bank fee"
  Assets:US:BofA:Checking                           -4.00 USD
  Expenses:Financial:Fees                            4.00 USD

2017-10-05 * "RiverBank Properties" "Paying the rent"
  Assets:US:BofA:Checking                        -2400.00 USD
  Expenses:Home:Rent                              2400.00 USD

2017-10-09 * "EDISON POWER" ""
  Assets:US:BofA:Checking                          -65.00 USD
  Expenses:Home:Electricity                         65.00 USD

2017-10-13 * "Transfering accumulated savings to other account"
  Assets:US:BofA:Checking                           -4000 USD
  Assets:US:ETrade:Cash                              4000 USD

2017-10-18 balance Assets:US:BofA:Checking        1032.83 USD

2017-10-18 * "Verizon Wireless" ""
  Assets:US:BofA:Checking                          -59.78 USD
  Expenses:Home:Phone                               59.78 USD

2017-10-21 * "Wine-Tarner Cable" ""
  Assets:US:BofA:Checking                          -79.98 USD
  Expenses:Home:Internet                            79.98 USD

2017-11-03 * "RiverBank Properties" "Paying the rent"
  Assets:US:BofA:Checking                        -2400.00 USD
  Expenses:Home:Rent                              2400.00 USD

2017-11-04 * "BANK FEES" "Monthly bank fee"
  Assets:US:BofA:Checking                           -4.00 USD
  Expenses:Financial:Fees                            4.00 USD

2017-11-08 * "EDISON POWER" ""
  Assets:US:BofA:Checking                          -65.00 USD
  Expenses:Home:Electricity                         65.00 USD

2017-11-10 balance Assets:US:BofA:Checking        2971.81 USD

2017-11-20 * "Verizon Wireless" ""
  Assets:US:BofA:Checking                          -47.21 USD
  Expenses:Home:Phone                               47.21 USD

2017-11-23 * "Wine-Tarner Cable" ""
  Assets:US:BofA:Checking                          -79.99 USD
  Expenses:Home:Internet                            79.99 USD

2017-12-04 * "BANK FEES" "Monthly bank fee"
  Assets:US:BofA:Checking                           -4.00 USD
  Expenses:Financial:Fees                            4.00 USD

2017-12-06 * "RiverBank Properties" "Paying the rent"
  Assets:US:BofA:Checking                        -2400.00 USD
  Expenses:Home:Rent                              2400.00 USD

2017-12-08 balance Assets:US:BofA:Checking        5580.27 USD

2017-12-08 * "EDISON POWER" ""
  Assets:US:BofA:Checking                          -65.00 USD
  Expenses:Home:Electricity                         65.00 USD

2017-12-08 * "Transfering accumulated savings to other account"
  Assets:US:BofA:Checking                           -4000 USD
  Assets:US:ETrade:Cash                              4000 USD

2017-12-19 * "Verizon Wireless" ""
  Assets:US:BofA:Checking                          -63.32 USD
  Expenses:Home:Phone                               63.32 USD

2017-12-22 * "Wine-Tarner Cable" ""
  Assets:US:BofA:Checking                          -80.01 USD
  Expenses:Home:Internet                            80.01 USD

2018-01-01 balance Assets:US:BofA:Checking        3330.81 USD

2018-01-04 * "BANK FEES" "Monthly bank fee"
  Assets:US:BofA:Checking                           -4.00 USD
  Expenses:Financial:Fees                            4.00 USD

2018-01-04 * "RiverBank Properties" "Paying the rent"
  Assets:US:BofA:Checking                        -2400.00 USD
  Expenses:Home:Rent                              2400.00 USD

2018-01-09 * "EDISON POWER" ""
  Assets:US:BofA:Checking                          -65.00 USD
  Expenses:Home:Electricity                         65.00 USD

2018-01-20 * "Verizon Wireless" ""
  Assets:US:BofA:Checking                          -75.79 USD
  Expenses:Home:Phone                               75.79 USD

2018-01-21 * "Wine-Tarner Cable" ""
  Assets:US:BofA:Checking                          -80.01 USD
  Expenses:Home:Internet                            80.01 USD

2018-01-24 balance Assets:US:BofA:Checking        2603.91 USD

2018-02-02 * "Transfering accumulated savings to other account"
  Assets:US:BofA:Checking                           -3500 USD
  Assets:US:ETrade:Cash                              3500 USD

2018-02-04 * "BANK FEES" "Monthly bank fee"
  Assets:US:BofA:Checking                           -4.00 USD
  Expenses:Financial:Fees                            4.00 USD



* Credit-Cards

1980-05-12 open Liabilities:US:Chase:Slate                      USD

2016-01-02 * "Chichipotle" "Eating out with Julie"
  Liabilities:US:Chase:Slate                       -36.44 USD
  Expenses:Food:Restaurant                          36.44 USD

2016-01-06 * "Jewel of Morroco" "Eating out alone"
  Liabilities:US:Chase:Slate                       -27.92 USD
  Expenses:Food:Restaurant                          27.92 USD

2016-01-07 * "Jewel of Morroco" "Eating out with work buddies"
  Liabilities:US:Chase:Slate                       -21.22 USD
  Expenses:Food:Restaurant                          21.22 USD

2016-01-08 * "Jewel of Morroco" "Eating out alone"
  Liabilities:US:Chase:Slate                       -21.97 USD
  Expenses:Food:Restaurant                          21.97 USD

2016-01-09 * "Chase:Slate" "Paying off credit card"
  Liabilities:US:Chase:Slate                       157.58 USD
  Assets:US:BofA:Checking                         -157.58 USD

2016-01-11 * "Farmer Fresh" "Buying groceries"
  Liabilities:US:Chase:Slate                       -50.03 USD
  Expenses:Food:Groceries                           50.03 USD

2016-01-13 * "Jewel of Morroco" "Eating out with Natasha"
  Liabilities:US:Chase:Slate                       -29.70 USD
  Expenses:Food:Restaurant                          29.70 USD

2016-01-17 * "China Garden" "Eating out with Natasha"
  Liabilities:US:Chase:Slate                       -27.10 USD
  Expenses:Food:Restaurant                          27.10 USD

2016-01-17 * "Corner Deli" "Buying groceries"
  Liabilities:US:Chase:Slate                      -102.02 USD
  Expenses:Food:Groceries                          102.02 USD

2016-01-22 * "Chichipotle" "Eating out with work buddies"
  Liabilities:US:Chase:Slate                       -17.80 USD
  Expenses:Food:Restaurant                          17.80 USD

2016-01-26 * "Rose Flower" "Eating out alone"
  Liabilities:US:Chase:Slate                       -17.91 USD
  Expenses:Food:Restaurant                          17.91 USD

2016-01-27 balance Liabilities:US:Chase:Slate     -194.53 USD

2016-01-27 * "Onion Market" "Buying groceries"
  Liabilities:US:Chase:Slate                       -68.50 USD
  Expenses:Food:Groceries                           68.50 USD

2016-01-29 * "Jewel of Morroco" "Eating out with Natasha"
  Liabilities:US:Chase:Slate                       -26.40 USD
  Expenses:Food:Restaurant                          26.40 USD

2016-01-30 * "Cafe Modagor" "Eating out with Julie"
  Liabilities:US:Chase:Slate                       -36.63 USD
  Expenses:Food:Restaurant                          36.63 USD

2016-02-01 * "Uncle Boons" "Eating out with work buddies"
  Liabilities:US:Chase:Slate                       -45.09 USD
  Expenses:Food:Restaurant                          45.09 USD

2016-02-01 * "Metro Transport Authority" "Tram tickets"
  Liabilities:US:Chase:Slate                      -120.00 USD
  Expenses:Transport:Tram                          120.00 USD

2016-02-04 * "Rose Flower" "Eating out with work buddies"
  Liabilities:US:Chase:Slate                       -18.50 USD
  Expenses:Food:Restaurant                          18.50 USD

2016-02-07 * "Rose Flower" "Eating out after work"
  Liabilities:US:Chase:Slate                       -34.61 USD
  Expenses:Food:Restaurant                          34.61 USD

2016-02-10 * "Rose Flower" "Eating out after work"
  Liabilities:US:Chase:Slate                       -42.39 USD
  Expenses:Food:Restaurant                          42.39 USD

2016-02-10 * "Chase:Slate" "Paying off credit card"
  Liabilities:US:Chase:Slate                       586.65 USD
  Assets:US:BofA:Checking                         -586.65 USD

2016-02-13 * "Rose Flower" "Eating out after work"
  Liabilities:US:Chase:Slate                       -40.85 USD
  Expenses:Food:Restaurant                          40.85 USD

2016-02-13 * "Farmer Fresh" "Buying groceries"
  Liabilities:US:Chase:Slate                       -54.82 USD
  Expenses:Food:Groceries                           54.82 USD

2016-02-16 * "Uncle Boons" "Eating out "
  Liabilities:US:Chase:Slate                       -19.69 USD
  Expenses:Food:Restaurant                          19.69 USD

2016-02-18 * "China Garden" "Eating out with Bill"
  Liabilities:US:Chase:Slate                       -38.28 USD
  Expenses:Food:Restaurant                          38.28 USD

2016-02-19 * "China Garden" "Eating out after work"
  Liabilities:US:Chase:Slate                       -25.51 USD
  Expenses:Food:Restaurant                          25.51 USD

2016-02-21 * "Kin Soy" "Eating out alone"
  Liabilities:US:Chase:Slate                       -17.90 USD
  Expenses:Food:Restaurant                          17.90 USD

2016-02-25 * "Good Moods Market" "Buying groceries"
  Liabilities:US:Chase:Slate                       -90.28 USD
  Expenses:Food:Groceries                           90.28 USD

2016-02-26 balance Liabilities:US:Chase:Slate     -287.33 USD

2016-02-26 * "China Garden" "Eating out after work"
  Liabilities:US:Chase:Slate                       -28.21 USD
  Expenses:Food:Restaurant                          28.21 USD

2016-02-27 * "Goba Goba" "Eating out alone"
  Liabilities:US:Chase:Slate                       -30.44 USD
  Expenses:Food:Restaurant                          30.44 USD

2016-02-28 * "Goba Goba" "Eating out with Natasha"
  Liabilities:US:Chase:Slate                       -49.29 USD
  Expenses:Food:Restaurant                          49.29 USD

2016-03-01 * "Cafe Modagor" "Eating out with Bill"
  Liabilities:US:Chase:Slate                       -19.65 USD
  Expenses:Food:Restaurant                          19.65 USD

2016-03-03 * "Rose Flower" "Eating out with Joe"
  Liabilities:US:Chase:Slate                       -13.72 USD
  Expenses:Food:Restaurant                          13.72 USD

2016-03-05 * "Rose Flower" "Eating out with Natasha"
  Liabilities:US:Chase:Slate                       -25.39 USD
  Expenses:Food:Restaurant                          25.39 USD

2016-03-05 * "Metro Transport Authority" "Tram tickets"
  Liabilities:US:Chase:Slate                      -120.00 USD
  Expenses:Transport:Tram                          120.00 USD

2016-03-06 * "Goba Goba" "Eating out alone"
  Liabilities:US:Chase:Slate                       -32.94 USD
  Expenses:Food:Restaurant                          32.94 USD

2016-03-07 * "Chase:Slate" "Paying off credit card"
  Liabilities:US:Chase:Slate                       689.14 USD
  Assets:US:BofA:Checking                         -689.14 USD

2016-03-10 * "Jewel of Morroco" "Eating out with Natasha"
  Liabilities:US:Chase:Slate                       -82.17 USD
  Expenses:Food:Restaurant                          82.17 USD

2016-03-15 * "Rose Flower" "Eating out after work"
  Liabilities:US:Chase:Slate                       -12.78 USD
  Expenses:Food:Restaurant                          12.78 USD

2016-03-16 * "Onion Market" "Buying groceries"
  Liabilities:US:Chase:Slate                       -80.98 USD
  Expenses:Food:Groceries                           80.98 USD

2016-03-18 * "Cafe Modagor" "Eating out alone"
  Liabilities:US:Chase:Slate                       -34.42 USD
  Expenses:Food:Restaurant                          34.42 USD

2016-03-21 * "Chichipotle" "Eating out with Bill"
  Liabilities:US:Chase:Slate                       -43.65 USD
  Expenses:Food:Restaurant                          43.65 USD

2016-03-23 balance Liabilities:US:Chase:Slate     -171.83 USD

2016-03-24 * "Kin Soy" "Eating out with Bill"
  Liabilities:US:Chase:Slate                       -22.15 USD
  Expenses:Food:Restaurant                          22.15 USD

2016-03-27 * "Rose Flower" "Eating out after work"
  Liabilities:US:Chase:Slate                      -102.81 USD
  Expenses:Food:Restaurant                         102.81 USD

2016-03-28 * "Good Moods Market" "Buying groceries"
  Liabilities:US:Chase:Slate                       -61.77 USD
  Expenses:Food:Groceries                           61.77 USD

2016-04-01 * "Rose Flower" "Eating out "
  Liabilities:US:Chase:Slate                       -82.61 USD
  Expenses:Food:Restaurant                          82.61 USD

2016-04-05 * "Jewel of Morroco" "Eating out with Bill"
  Liabilities:US:Chase:Slate                       -79.42 USD
  Expenses:Food:Restaurant                          79.42 USD

2016-04-05 * "Onion Market" "Buying groceries"
  Liabilities:US:Chase:Slate                       -92.25 USD
  Expenses:Food:Groceries                           92.25 USD

2016-04-06 * "Cafe Modagor" "Eating out with Bill"
  Liabilities:US:Chase:Slate                       -60.90 USD
  Expenses:Food:Restaurant                          60.90 USD

2016-04-07 * "Metro Transport Authority" "Tram tickets"
  Liabilities:US:Chase:Slate                      -120.00 USD
  Expenses:Transport:Tram                          120.00 USD

2016-04-08 * "Jewel of Morroco" "Eating out with Bill"
  Liabilities:US:Chase:Slate                       -22.78 USD
  Expenses:Food:Restaurant                          22.78 USD

2016-04-08 * "Chase:Slate" "Paying off credit card"
  Liabilities:US:Chase:Slate                       816.52 USD
  Assets:US:BofA:Checking                         -816.52 USD

2016-04-13 * "Rose Flower" "Eating out with Joe"
  Liabilities:US:Chase:Slate                       -22.08 USD
  Expenses:Food:Restaurant                          22.08 USD

2016-04-13 * "Farmer Fresh" "Buying groceries"
  Liabilities:US:Chase:Slate                       -90.58 USD
  Expenses:Food:Groceries                           90.58 USD

2016-04-15 * "Jewel of Morroco" "Eating out with Bill"
  Liabilities:US:Chase:Slate                       -31.96 USD
  Expenses:Food:Restaurant                          31.96 USD

2016-04-17 balance Liabilities:US:Chase:Slate     -144.62 USD

2016-04-19 * "Jewel of Morroco" "Eating out with Joe"
  Liabilities:US:Chase:Slate                       -45.73 USD
  Expenses:Food:Restaurant                          45.73 USD

2016-04-20 * "Kin Soy" "Eating out after work"
  Liabilities:US:Chase:Slate                       -25.44 USD
  Expenses:Food:Restaurant                          25.44 USD

2016-04-24 * "Jewel of Morroco" "Eating out with Bill"
  Liabilities:US:Chase:Slate                       -27.04 USD
  Expenses:Food:Restaurant                          27.04 USD

2016-04-26 * "Goba Goba" "Eating out "
  Liabilities:US:Chase:Slate                       -33.25 USD
  Expenses:Food:Restaurant                          33.25 USD

2016-04-29 * "Corner Deli" "Buying groceries"
  Liabilities:US:Chase:Slate                      -121.61 USD
  Expenses:Food:Groceries                          121.61 USD

2016-05-01 * "Rose Flower" "Eating out with Bill"
  Liabilities:US:Chase:Slate                       -27.92 USD
  Expenses:Food:Restaurant                          27.92 USD

2016-05-02 * "Uncle Boons" "Eating out with work buddies"
  Liabilities:US:Chase:Slate                       -26.56 USD
  Expenses:Food:Restaurant                          26.56 USD

2016-05-04 * "Kin Soy" "Eating out alone"
  Liabilities:US:Chase:Slate                       -38.58 USD
  Expenses:Food:Restaurant                          38.58 USD

2016-05-04 * "Onion Market" "Buying groceries"
  Liabilities:US:Chase:Slate                       -72.85 USD
  Expenses:Food:Groceries                           72.85 USD

2016-05-06 * "Kin Soy" "Eating out with work buddies"
  Liabilities:US:Chase:Slate                       -64.91 USD
  Expenses:Food:Restaurant                          64.91 USD

2016-05-07 * "Cafe Modagor" "Eating out after work"
  Liabilities:US:Chase:Slate                       -31.96 USD
  Expenses:Food:Restaurant                          31.96 USD

2016-05-07 * "Chase:Slate" "Paying off credit card"
  Liabilities:US:Chase:Slate                       660.47 USD
  Assets:US:BofA:Checking                         -660.47 USD

2016-05-09 * "Metro Transport Authority" "Tram tickets"
  Liabilities:US:Chase:Slate                      -120.00 USD
  Expenses:Transport:Tram                          120.00 USD

2016-05-10 * "Uncle Boons" "Eating out with Natasha"
  Liabilities:US:Chase:Slate                       -14.66 USD
  Expenses:Food:Restaurant                          14.66 USD

2016-05-14 * "Cafe Modagor" "Eating out with Joe"
  Liabilities:US:Chase:Slate                       -22.00 USD
  Expenses:Food:Restaurant                          22.00 USD

2016-05-15 balance Liabilities:US:Chase:Slate     -156.66 USD

2016-05-15 * "Goba Goba" "Eating out with Joe"
  Liabilities:US:Chase:Slate                       -26.13 USD
  Expenses:Food:Restaurant                          26.13 USD

2016-05-19 * "China Garden" "Eating out with work buddies"
  Liabilities:US:Chase:Slate                       -51.90 USD
  Expenses:Food:Restaurant                          51.90 USD

2016-05-21 * "Good Moods Market" "Buying groceries"
  Liabilities:US:Chase:Slate                       -65.73 USD
  Expenses:Food:Groceries                           65.73 USD

2016-05-24 * "Rose Flower" "Eating out after work"
  Liabilities:US:Chase:Slate                       -37.44 USD
  Expenses:Food:Restaurant                          37.44 USD

2016-05-25 * "China Garden" "Eating out after work"
  Liabilities:US:Chase:Slate                       -19.94 USD
  Expenses:Food:Restaurant                          19.94 USD

2016-05-26 * "Farmer Fresh" "Buying groceries"
  Liabilities:US:Chase:Slate                      -105.78 USD
  Expenses:Food:Groceries                          105.78 USD

2016-05-28 * "Rose Flower" "Eating out alone"
  Liabilities:US:Chase:Slate                       -28.50 USD
  Expenses:Food:Restaurant                          28.50 USD

2016-05-30 * "Goba Goba" "Eating out with work buddies"
  Liabilities:US:Chase:Slate                       -56.39 USD
  Expenses:Food:Restaurant                          56.39 USD

2016-05-31 * "Cafe Modagor" "Eating out with Bill"
  Liabilities:US:Chase:Slate                       -36.21 USD
  Expenses:Food:Restaurant                          36.21 USD

2016-06-04 * "China Garden" "Eating out with Bill"
  Liabilities:US:Chase:Slate                       -30.34 USD
  Expenses:Food:Restaurant                          30.34 USD

2016-06-05 * "Rose Flower" "Eating out with Bill"
  Liabilities:US:Chase:Slate                       -19.49 USD
  Expenses:Food:Restaurant                          19.49 USD

2016-06-09 * "Goba Goba" "Eating out with Joe"
  Liabilities:US:Chase:Slate                       -10.80 USD
  Expenses:Food:Restaurant                          10.80 USD

2016-06-09 * "Good Moods Market" "Buying groceries"
  Liabilities:US:Chase:Slate                      -103.12 USD
  Expenses:Food:Groceries                          103.12 USD

2016-06-09 * "Metro Transport Authority" "Tram tickets"
  Liabilities:US:Chase:Slate                      -120.00 USD
  Expenses:Transport:Tram                          120.00 USD

2016-06-11 balance Liabilities:US:Chase:Slate     -868.43 USD

2016-06-11 * "Chase:Slate" "Paying off credit card"
  Liabilities:US:Chase:Slate                       916.37 USD
  Assets:US:BofA:Checking                         -916.37 USD

2016-06-13 * "Chichipotle" "Eating out with Natasha"
  Liabilities:US:Chase:Slate                       -47.94 USD
  Expenses:Food:Restaurant                          47.94 USD

2016-06-17 * "Kin Soy" "Eating out with Natasha"
  Liabilities:US:Chase:Slate                       -42.43 USD
  Expenses:Food:Restaurant                          42.43 USD

2016-06-18 * "Jewel of Morroco" "Eating out with Joe"
  Liabilities:US:Chase:Slate                       -36.41 USD
  Expenses:Food:Restaurant                          36.41 USD

2016-06-22 * "Uncle Boons" "Eating out with Julie"
  Liabilities:US:Chase:Slate                       -16.24 USD
  Expenses:Food:Restaurant                          16.24 USD

2016-06-25 * "Kin Soy" "Eating out "
  Liabilities:US:Chase:Slate                       -44.30 USD
  Expenses:Food:Restaurant                          44.30 USD

2016-06-25 * "Onion Market" "Buying groceries"
  Liabilities:US:Chase:Slate                      -135.75 USD
  Expenses:Food:Groceries                          135.75 USD

2016-06-26 * "Cafe Modagor" "Eating out after work"
  Liabilities:US:Chase:Slate                       -22.07 USD
  Expenses:Food:Restaurant                          22.07 USD

2016-07-01 * "Rose Flower" "Eating out with Julie"
  Liabilities:US:Chase:Slate                       -35.22 USD
  Expenses:Food:Restaurant                          35.22 USD

2016-07-05 * "Uncle Boons" "Eating out with Julie"
  Liabilities:US:Chase:Slate                       -35.57 USD
  Expenses:Food:Restaurant                          35.57 USD

2016-07-06 balance Liabilities:US:Chase:Slate     -367.99 USD

2016-07-08 * "Uncle Boons" "Eating out with Julie"
  Liabilities:US:Chase:Slate                       -17.64 USD
  Expenses:Food:Restaurant                          17.64 USD

2016-07-08 * "Chase:Slate" "Paying off credit card"
  Liabilities:US:Chase:Slate                       385.63 USD
  Assets:US:BofA:Checking                         -385.63 USD

2016-07-09 * "Good Moods Market" "Buying groceries"
  Liabilities:US:Chase:Slate                      -117.15 USD
  Expenses:Food:Groceries                          117.15 USD

2016-07-09 * "Metro Transport Authority" "Tram tickets"
  Liabilities:US:Chase:Slate                      -120.00 USD
  Expenses:Transport:Tram                          120.00 USD

2016-07-13 * "Kin Soy" "Eating out with Julie"
  Liabilities:US:Chase:Slate                       -11.05 USD
  Expenses:Food:Restaurant                          11.05 USD

2016-07-14 * "Jewel of Morroco" "Eating out "
  Liabilities:US:Chase:Slate                       -58.62 USD
  Expenses:Food:Restaurant                          58.62 USD

2016-07-14 * "Farmer Fresh" "Buying groceries"
  Liabilities:US:Chase:Slate                       -85.55 USD
  Expenses:Food:Groceries                           85.55 USD

2016-07-17 * "Uncle Boons" "Eating out with Joe"
  Liabilities:US:Chase:Slate                       -16.82 USD
  Expenses:Food:Restaurant                          16.82 USD

2016-07-20 * "Rose Flower" "Eating out alone"
  Liabilities:US:Chase:Slate                       -35.36 USD
  Expenses:Food:Restaurant                          35.36 USD

2016-07-21 * "Uncle Boons" "Eating out with Julie"
  Liabilities:US:Chase:Slate                       -38.93 USD
  Expenses:Food:Restaurant                          38.93 USD

2016-07-26 * "Uncle Boons" "Eating out with Joe"
  Liabilities:US:Chase:Slate                       -25.63 USD
  Expenses:Food:Restaurant                          25.63 USD

2016-07-28 * "Corner Deli" "Buying groceries"
  Liabilities:US:Chase:Slate                       -77.91 USD
  Expenses:Food:Groceries                           77.91 USD

2016-07-29 event "location" "San Francisco"

2016-07-30 * "Bar Crudo" "" #trip-san-francisco-2016
  Liabilities:US:Chase:Slate                       -63.67 USD
  Expenses:Food:Restaurant                          63.67 USD

2016-07-30 * "Starbucks" "" #trip-san-francisco-2016
  Liabilities:US:Chase:Slate                        -6.04 USD
  Expenses:Food:Coffee                               6.04 USD

2016-08-02 * "Bar Crudo" "" #trip-san-francisco-2016
  Liabilities:US:Chase:Slate                       -70.99 USD
  Expenses:Food:Restaurant                          70.99 USD

2016-08-02 * "Pizza Delfina" "" #trip-san-francisco-2016
  Liabilities:US:Chase:Slate                       -23.56 USD
  Expenses:Food:Restaurant                          23.56 USD

2016-08-03 balance Liabilities:US:Chase:Slate     -751.28 USD

2016-08-03 * "Mission Chinese Food" "" #trip-san-francisco-2016
  Liabilities:US:Chase:Slate                       -26.86 USD
  Expenses:Food:Restaurant                          26.86 USD

2016-08-04 * "Mission Chinese Food" "" #trip-san-francisco-2016
  Liabilities:US:Chase:Slate                       -28.32 USD
  Expenses:Food:Restaurant                          28.32 USD

2016-08-05 * "Mission Chinese Food" "" #trip-san-francisco-2016
  Liabilities:US:Chase:Slate                       -22.13 USD
  Expenses:Food:Restaurant                          22.13 USD

2016-08-05 * "Starbucks" "" #trip-san-francisco-2016
  Liabilities:US:Chase:Slate                        -6.17 USD
  Expenses:Food:Coffee                               6.17 USD

2016-08-06 * "Pizza Delfina" "" #trip-san-francisco-2016
  Liabilities:US:Chase:Slate                       -20.30 USD
  Expenses:Food:Restaurant                          20.30 USD

2016-08-06 * "Waterbar" "" #trip-san-francisco-2016
  Liabilities:US:Chase:Slate                       -57.78 USD
  Expenses:Food:Restaurant                          57.78 USD

2016-08-06 * "Mission Chinese Food" "" #trip-san-francisco-2016
  Liabilities:US:Chase:Slate                       -23.07 USD
  Expenses:Food:Restaurant                          23.07 USD

2016-08-07 * "Waterbar" "" #trip-san-francisco-2016
  Liabilities:US:Chase:Slate                       -50.67 USD
  Expenses:Food:Restaurant                          50.67 USD

2016-08-08 * "Bar Crudo" "" #trip-san-francisco-2016
  Liabilities:US:Chase:Slate                       -72.11 USD
  Expenses:Food:Restaurant                          72.11 USD

2016-08-08 * "Mission Chinese Food" "" #trip-san-francisco-2016
  Liabilities:US:Chase:Slate                       -24.67 USD
  Expenses:Food:Restaurant                          24.67 USD

2016-08-10 * "Waterbar" "" #trip-san-francisco-2016
  Liabilities:US:Chase:Slate                       -52.59 USD
  Expenses:Food:Restaurant                          52.59 USD

2016-08-10 * "Consume vacation days"
  Assets:US:BayBook:Vacation                          -96 VACHR
  Expenses:Vacation                                    96 VACHR

2016-08-10 event "location" "New Metropolis"

2016-08-11 * "Chase:Slate" "Paying off credit card"
  Liabilities:US:Chase:Slate                       624.09 USD
  Assets:US:BofA:Checking                         -624.09 USD

2016-08-13 * "Uncle Boons" "Eating out with work buddies"
  Liabilities:US:Chase:Slate                       -37.07 USD
  Expenses:Food:Restaurant                          37.07 USD

2016-08-16 * "Kin Soy" "Eating out with Bill"
  Liabilities:US:Chase:Slate                       -24.20 USD
  Expenses:Food:Restaurant                          24.20 USD

2016-08-17 * "Uncle Boons" "Eating out with Bill"
  Liabilities:US:Chase:Slate                       -29.65 USD
  Expenses:Food:Restaurant                          29.65 USD

2016-08-18 * "Kin Soy" "Eating out "
  Liabilities:US:Chase:Slate                       -20.39 USD
  Expenses:Food:Restaurant                          20.39 USD

2016-08-19 * "Farmer Fresh" "Buying groceries"
  Liabilities:US:Chase:Slate                       -76.85 USD
  Expenses:Food:Groceries                           76.85 USD

2016-08-20 * "Goba Goba" "Eating out alone"
  Liabilities:US:Chase:Slate                       -19.50 USD
  Expenses:Food:Restaurant                          19.50 USD

2016-08-22 * "Goba Goba" "Eating out "
  Liabilities:US:Chase:Slate                       -31.45 USD
  Expenses:Food:Restaurant                          31.45 USD

2016-08-25 * "Cafe Modagor" "Eating out with Bill"
  Liabilities:US:Chase:Slate                       -64.03 USD
  Expenses:Food:Restaurant                          64.03 USD

2016-08-26 * "Rose Flower" "Eating out with Joe"
  Liabilities:US:Chase:Slate                       -49.94 USD
  Expenses:Food:Restaurant                          49.94 USD

2016-08-27 balance Liabilities:US:Chase:Slate     -864.94 USD

2016-08-27 * "Good Moods Market" "Buying groceries"
  Liabilities:US:Chase:Slate                       -91.72 USD
  Expenses:Food:Groceries                           91.72 USD

2016-08-29 * "Kin Soy" "Eating out with work buddies"
  Liabilities:US:Chase:Slate                       -52.70 USD
  Expenses:Food:Restaurant                          52.70 USD

2016-09-02 * "Cafe Modagor" "Eating out with Joe"
  Liabilities:US:Chase:Slate                       -19.59 USD
  Expenses:Food:Restaurant                          19.59 USD

2016-09-05 * "Chichipotle" "Eating out after work"
  Liabilities:US:Chase:Slate                       -41.29 USD
  Expenses:Food:Restaurant                          41.29 USD

2016-09-07 * "Metro Transport Authority" "Tram tickets"
  Liabilities:US:Chase:Slate                      -120.00 USD
  Expenses:Transport:Tram                          120.00 USD

2016-09-09 * "Cafe Modagor" "Eating out with Bill"
  Liabilities:US:Chase:Slate                       -22.40 USD
  Expenses:Food:Restaurant                          22.40 USD

2016-09-10 * "Chase:Slate" "Paying off credit card"
  Liabilities:US:Chase:Slate                       683.71 USD
  Assets:US:BofA:Checking                         -683.71 USD

2016-09-11 * "Kin Soy" "Eating out after work"
  Liabilities:US:Chase:Slate                       -20.00 USD
  Expenses:Food:Restaurant                          20.00 USD

2016-09-14 * "Onion Market" "Buying groceries"
  Liabilities:US:Chase:Slate                      -115.26 USD
  Expenses:Food:Groceries                          115.26 USD

2016-09-15 * "Goba Goba" "Eating out with work buddies"
  Liabilities:US:Chase:Slate                       -37.64 USD
  Expenses:Food:Restaurant                          37.64 USD

2016-09-19 * "Rose Flower" "Eating out "
  Liabilities:US:Chase:Slate                       -37.90 USD
  Expenses:Food:Restaurant                          37.90 USD

2016-09-19 * "Good Moods Market" "Buying groceries"
  Liabilities:US:Chase:Slate                       -77.15 USD
  Expenses:Food:Groceries                           77.15 USD

2016-09-22 balance Liabilities:US:Chase:Slate     -816.88 USD

2016-09-24 * "Jewel of Morroco" "Eating out with Joe"
  Liabilities:US:Chase:Slate                       -23.65 USD
  Expenses:Food:Restaurant                          23.65 USD

2016-09-27 * "China Garden" "Eating out after work"
  Liabilities:US:Chase:Slate                      -114.44 USD
  Expenses:Food:Restaurant                         114.44 USD

2016-09-28 * "Corner Deli" "Buying groceries"
  Liabilities:US:Chase:Slate                       -90.10 USD
  Expenses:Food:Groceries                           90.10 USD

2016-10-02 * "China Garden" "Eating out alone"
  Liabilities:US:Chase:Slate                       -18.48 USD
  Expenses:Food:Restaurant                          18.48 USD

2016-10-07 * "Rose Flower" "Eating out with Julie"
  Liabilities:US:Chase:Slate                       -42.48 USD
  Expenses:Food:Restaurant                          42.48 USD

2016-10-08 * "Metro Transport Authority" "Tram tickets"
  Liabilities:US:Chase:Slate                      -120.00 USD
  Expenses:Transport:Tram                          120.00 USD

2016-10-10 * "Chase:Slate" "Paying off credit card"
  Liabilities:US:Chase:Slate                       696.08 USD
  Assets:US:BofA:Checking                         -696.08 USD

2016-10-11 * "Chichipotle" "Eating out with Natasha"
  Liabilities:US:Chase:Slate                       -18.98 USD
  Expenses:Food:Restaurant                          18.98 USD

2016-10-12 * "Chichipotle" "Eating out after work"
  Liabilities:US:Chase:Slate                       -14.23 USD
  Expenses:Food:Restaurant                          14.23 USD

2016-10-16 * "Chichipotle" "Eating out with Julie"
  Liabilities:US:Chase:Slate                       -15.33 USD
  Expenses:Food:Restaurant                          15.33 USD

2016-10-17 balance Liabilities:US:Chase:Slate     -578.49 USD

2016-10-18 * "Good Moods Market" "Buying groceries"
  Liabilities:US:Chase:Slate                       -69.58 USD
  Expenses:Food:Groceries                           69.58 USD

2016-10-19 * "Kin Soy" "Eating out with Julie"
  Liabilities:US:Chase:Slate                       -54.72 USD
  Expenses:Food:Restaurant                          54.72 USD

2016-10-24 * "Kin Soy" "Eating out after work"
  Liabilities:US:Chase:Slate                       -47.57 USD
  Expenses:Food:Restaurant                          47.57 USD

2016-10-29 * "Jewel of Morroco" "Eating out with work buddies"
  Liabilities:US:Chase:Slate                       -27.43 USD
  Expenses:Food:Restaurant                          27.43 USD

2016-11-02 * "Cafe Modagor" "Eating out with Julie"
  Liabilities:US:Chase:Slate                       -34.03 USD
  Expenses:Food:Restaurant                          34.03 USD

2016-11-03 * "Chichipotle" "Eating out with work buddies"
  Liabilities:US:Chase:Slate                       -25.06 USD
  Expenses:Food:Restaurant                          25.06 USD

2016-11-05 * "Corner Deli" "Buying groceries"
  Liabilities:US:Chase:Slate                      -126.50 USD
  Expenses:Food:Groceries                          126.50 USD

2016-11-07 * "Kin Soy" "Eating out with work buddies"
  Liabilities:US:Chase:Slate                       -12.29 USD
  Expenses:Food:Restaurant                          12.29 USD

2016-11-08 balance Liabilities:US:Chase:Slate     -975.67 USD

2016-11-09 * "Rose Flower" "Eating out after work"
  Liabilities:US:Chase:Slate                       -24.05 USD
  Expenses:Food:Restaurant                          24.05 USD

2016-11-09 * "Metro Transport Authority" "Tram tickets"
  Liabilities:US:Chase:Slate                      -120.00 USD
  Expenses:Transport:Tram                          120.00 USD

2016-11-11 * "Chase:Slate" "Paying off credit card"
  Liabilities:US:Chase:Slate                       595.39 USD
  Assets:US:BofA:Checking                         -595.39 USD

2016-11-12 * "Cafe Modagor" "Eating out with Joe"
  Liabilities:US:Chase:Slate                       -24.60 USD
  Expenses:Food:Restaurant                          24.60 USD

2016-11-15 * "Good Moods Market" "Buying groceries"
  Liabilities:US:Chase:Slate                      -101.31 USD
  Expenses:Food:Groceries                          101.31 USD

2016-11-16 * "Cafe Modagor" "Eating out with work buddies"
  Liabilities:US:Chase:Slate                       -28.68 USD
  Expenses:Food:Restaurant                          28.68 USD

2016-11-17 * "Goba Goba" "Eating out alone"
  Liabilities:US:Chase:Slate                       -22.90 USD
  Expenses:Food:Restaurant                          22.90 USD

2016-11-22 * "Kin Soy" "Eating out "
  Liabilities:US:Chase:Slate                       -17.61 USD
  Expenses:Food:Restaurant                          17.61 USD

2016-11-23 * "Uncle Boons" "Eating out alone"
  Liabilities:US:Chase:Slate                       -31.52 USD
  Expenses:Food:Restaurant                          31.52 USD

2016-11-26 * "Goba Goba" "Eating out with Bill"
  Liabilities:US:Chase:Slate                       -20.52 USD
  Expenses:Food:Restaurant                          20.52 USD

2016-11-27 * "Uncle Boons" "Eating out with Joe"
  Liabilities:US:Chase:Slate                       -27.22 USD
  Expenses:Food:Restaurant                          27.22 USD

2016-11-28 * "Onion Market" "Buying groceries"
  Liabilities:US:Chase:Slate                      -114.58 USD
  Expenses:Food:Groceries                          114.58 USD

2016-11-29 * "Cafe Modagor" "Eating out with work buddies"
  Liabilities:US:Chase:Slate                       -33.29 USD
  Expenses:Food:Restaurant                          33.29 USD

2016-12-03 * "Goba Goba" "Eating out with work buddies"
  Liabilities:US:Chase:Slate                       -43.03 USD
  Expenses:Food:Restaurant                          43.03 USD

2016-12-05 * "Uncle Boons" "Eating out with Julie"
  Liabilities:US:Chase:Slate                       -34.39 USD
  Expenses:Food:Restaurant                          34.39 USD

2016-12-06 * "Metro Transport Authority" "Tram tickets"
  Liabilities:US:Chase:Slate                      -120.00 USD
  Expenses:Transport:Tram                          120.00 USD

2016-12-08 balance Liabilities:US:Chase:Slate    -1143.98 USD

2016-12-08 * "Uncle Boons" "Eating out with Bill"
  Liabilities:US:Chase:Slate                       -20.98 USD
  Expenses:Food:Restaurant                          20.98 USD

2016-12-09 * "Chase:Slate" "Paying off credit card"
  Liabilities:US:Chase:Slate                       630.48 USD
  Assets:US:BofA:Checking                         -630.48 USD

2016-12-10 * "Jewel of Morroco" "Eating out "
  Liabilities:US:Chase:Slate                       -14.45 USD
  Expenses:Food:Restaurant                          14.45 USD

2016-12-10 * "Onion Market" "Buying groceries"
  Liabilities:US:Chase:Slate                       -75.40 USD
  Expenses:Food:Groceries                           75.40 USD

2016-12-13 * "Rose Flower" "Eating out with Joe"
  Liabilities:US:Chase:Slate                       -41.79 USD
  Expenses:Food:Restaurant                          41.79 USD

2016-12-16 * "Uncle Boons" "Eating out with work buddies"
  Liabilities:US:Chase:Slate                       -28.83 USD
  Expenses:Food:Restaurant                          28.83 USD

2016-12-16 * "Onion Market" "Buying groceries"
  Liabilities:US:Chase:Slate                       -68.23 USD
  Expenses:Food:Groceries                           68.23 USD

2016-12-20 * "Kin Soy" "Eating out with work buddies"
  Liabilities:US:Chase:Slate                       -24.99 USD
  Expenses:Food:Restaurant                          24.99 USD

2016-12-24 * "Kin Soy" "Eating out alone"
  Liabilities:US:Chase:Slate                       -31.15 USD
  Expenses:Food:Restaurant                          31.15 USD

2016-12-29 * "Chichipotle" "Eating out alone"
  Liabilities:US:Chase:Slate                       -27.13 USD
  Expenses:Food:Restaurant                          27.13 USD

2016-12-30 balance Liabilities:US:Chase:Slate     -846.45 USD

2016-12-30 * "Onion Market" "Buying groceries"
  Liabilities:US:Chase:Slate                      -116.85 USD
  Expenses:Food:Groceries                          116.85 USD

2016-12-31 * "China Garden" "Eating out alone"
  Liabilities:US:Chase:Slate                       -26.88 USD
  Expenses:Food:Restaurant                          26.88 USD

2017-01-02 * "Cafe Modagor" "Eating out with Joe"
  Liabilities:US:Chase:Slate                       -24.15 USD
  Expenses:Food:Restaurant                          24.15 USD

2017-01-03 * "Rose Flower" "Eating out with Joe"
  Liabilities:US:Chase:Slate                       -20.94 USD
  Expenses:Food:Restaurant                          20.94 USD

2017-01-04 * "Kin Soy" "Eating out with Natasha"
  Liabilities:US:Chase:Slate                       -26.86 USD
  Expenses:Food:Restaurant                          26.86 USD

2017-01-06 * "Metro Transport Authority" "Tram tickets"
  Liabilities:US:Chase:Slate                      -120.00 USD
  Expenses:Transport:Tram                          120.00 USD

2017-01-08 * "Rose Flower" "Eating out after work"
  Liabilities:US:Chase:Slate                       -72.23 USD
  Expenses:Food:Restaurant                          72.23 USD

2017-01-09 * "Jewel of Morroco" "Eating out with Julie"
  Liabilities:US:Chase:Slate                       -50.17 USD
  Expenses:Food:Restaurant                          50.17 USD

2017-01-09 * "Chase:Slate" "Paying off credit card"
  Liabilities:US:Chase:Slate                       755.60 USD
  Assets:US:BofA:Checking                         -755.60 USD

2017-01-10 * "Kin Soy" "Eating out with Julie"
  Liabilities:US:Chase:Slate                       -50.64 USD
  Expenses:Food:Restaurant                          50.64 USD

2017-01-12 * "Chichipotle" "Eating out with Joe"
  Liabilities:US:Chase:Slate                       -31.59 USD
  Expenses:Food:Restaurant                          31.59 USD

2017-01-12 * "Onion Market" "Buying groceries"
  Liabilities:US:Chase:Slate                       -80.54 USD
  Expenses:Food:Groceries                           80.54 USD

2017-01-14 * "Rose Flower" "Eating out with work buddies"
  Liabilities:US:Chase:Slate                       -38.84 USD
  Expenses:Food:Restaurant                          38.84 USD

2017-01-17 * "Chichipotle" "Eating out with Natasha"
  Liabilities:US:Chase:Slate                       -79.61 USD
  Expenses:Food:Restaurant                          79.61 USD

2017-01-19 * "Good Moods Market" "Buying groceries"
  Liabilities:US:Chase:Slate                       -98.97 USD
  Expenses:Food:Groceries                           98.97 USD

2017-01-20 * "Chichipotle" "Eating out with work buddies"
  Liabilities:US:Chase:Slate                       -24.57 USD
  Expenses:Food:Restaurant                          24.57 USD

2017-01-24 * "Cafe Modagor" "Eating out with Julie"
  Liabilities:US:Chase:Slate                       -54.06 USD
  Expenses:Food:Restaurant                          54.06 USD

2017-01-25 * "Corner Deli" "Buying groceries"
  Liabilities:US:Chase:Slate                       -55.85 USD
  Expenses:Food:Groceries                           55.85 USD

2017-01-26 * "Kin Soy" "Eating out with work buddies"
  Liabilities:US:Chase:Slate                       -48.54 USD
  Expenses:Food:Restaurant                          48.54 USD

2017-01-29 balance Liabilities:US:Chase:Slate    -1112.14 USD

2017-01-30 * "Rose Flower" "Eating out with Joe"
  Liabilities:US:Chase:Slate                       -27.86 USD
  Expenses:Food:Restaurant                          27.86 USD

2017-02-01 * "China Garden" "Eating out with Julie"
  Liabilities:US:Chase:Slate                       -21.81 USD
  Expenses:Food:Restaurant                          21.81 USD

2017-02-02 * "Corner Deli" "Buying groceries"
  Liabilities:US:Chase:Slate                       -70.15 USD
  Expenses:Food:Groceries                           70.15 USD

2017-02-05 * "Goba Goba" "Eating out alone"
  Liabilities:US:Chase:Slate                       -31.09 USD
  Expenses:Food:Restaurant                          31.09 USD

2017-02-05 * "Metro Transport Authority" "Tram tickets"
  Liabilities:US:Chase:Slate                      -120.00 USD
  Expenses:Transport:Tram                          120.00 USD

2017-02-09 * "Jewel of Morroco" "Eating out with work buddies"
  Liabilities:US:Chase:Slate                       -21.59 USD
  Expenses:Food:Restaurant                          21.59 USD

2017-02-10 * "Chase:Slate" "Paying off credit card"
  Liabilities:US:Chase:Slate                       881.48 USD
  Assets:US:BofA:Checking                         -881.48 USD

2017-02-14 * "Rose Flower" "Eating out with Natasha"
  Liabilities:US:Chase:Slate                       -25.77 USD
  Expenses:Food:Restaurant                          25.77 USD

2017-02-15 * "Jewel of Morroco" "Eating out with Natasha"
  Liabilities:US:Chase:Slate                       -35.53 USD
  Expenses:Food:Restaurant                          35.53 USD

2017-02-20 balance Liabilities:US:Chase:Slate     -584.46 USD

2017-02-20 * "Goba Goba" "Eating out "
  Liabilities:US:Chase:Slate                       -25.15 USD
  Expenses:Food:Restaurant                          25.15 USD

2017-02-20 * "Good Moods Market" "Buying groceries"
  Liabilities:US:Chase:Slate                      -107.51 USD
  Expenses:Food:Groceries                          107.51 USD

2017-02-21 * "Jewel of Morroco" "Eating out with Natasha"
  Liabilities:US:Chase:Slate                       -13.75 USD
  Expenses:Food:Restaurant                          13.75 USD

2017-02-25 * "Goba Goba" "Eating out with Bill"
  Liabilities:US:Chase:Slate                       -54.10 USD
  Expenses:Food:Restaurant                          54.10 USD

2017-03-01 * "China Garden" "Eating out alone"
  Liabilities:US:Chase:Slate                       -24.02 USD
  Expenses:Food:Restaurant                          24.02 USD

2017-03-01 * "Corner Deli" "Buying groceries"
  Liabilities:US:Chase:Slate                       -73.69 USD
  Expenses:Food:Groceries                           73.69 USD

2017-03-05 * "Jewel of Morroco" "Eating out with Natasha"
  Liabilities:US:Chase:Slate                       -25.45 USD
  Expenses:Food:Restaurant                          25.45 USD

2017-03-06 * "Chichipotle" "Eating out with Natasha"
  Liabilities:US:Chase:Slate                       -49.66 USD
  Expenses:Food:Restaurant                          49.66 USD

2017-03-09 * "Chichipotle" "Eating out with Joe"
  Liabilities:US:Chase:Slate                       -39.04 USD
  Expenses:Food:Restaurant                          39.04 USD

2017-03-09 * "Chase:Slate" "Paying off credit card"
  Liabilities:US:Chase:Slate                       447.90 USD
  Assets:US:BofA:Checking                         -447.90 USD

2017-03-10 * "Metro Transport Authority" "Tram tickets"
  Liabilities:US:Chase:Slate                      -120.00 USD
  Expenses:Transport:Tram                          120.00 USD

2017-03-12 * "Corner Deli" "Buying groceries"
  Liabilities:US:Chase:Slate                       -60.35 USD
  Expenses:Food:Groceries                           60.35 USD

2017-03-14 * "Goba Goba" "Eating out after work"
  Liabilities:US:Chase:Slate                       -37.69 USD
  Expenses:Food:Restaurant                          37.69 USD

2017-03-19 balance Liabilities:US:Chase:Slate     -766.97 USD

2017-03-19 * "Rose Flower" "Eating out with Natasha"
  Liabilities:US:Chase:Slate                       -28.77 USD
  Expenses:Food:Restaurant                          28.77 USD

2017-03-20 * "Chichipotle" "Eating out "
  Liabilities:US:Chase:Slate                       -52.30 USD
  Expenses:Food:Restaurant                          52.30 USD

2017-03-20 * "Onion Market" "Buying groceries"
  Liabilities:US:Chase:Slate                       -91.32 USD
  Expenses:Food:Groceries                           91.32 USD

2017-03-25 * "Chichipotle" "Eating out alone"
  Liabilities:US:Chase:Slate                       -43.51 USD
  Expenses:Food:Restaurant                          43.51 USD

2017-03-30 * "Cafe Modagor" "Eating out alone"
  Liabilities:US:Chase:Slate                       -44.41 USD
  Expenses:Food:Restaurant                          44.41 USD

2017-04-02 * "Uncle Boons" "Eating out with work buddies"
  Liabilities:US:Chase:Slate                       -28.39 USD
  Expenses:Food:Restaurant                          28.39 USD

2017-04-03 * "Good Moods Market" "Buying groceries"
  Liabilities:US:Chase:Slate                       -98.32 USD
  Expenses:Food:Groceries                           98.32 USD

2017-04-07 * "Chichipotle" "Eating out with Joe"
  Liabilities:US:Chase:Slate                       -32.56 USD
  Expenses:Food:Restaurant                          32.56 USD

2017-04-07 * "Metro Transport Authority" "Tram tickets"
  Liabilities:US:Chase:Slate                      -120.00 USD
  Expenses:Transport:Tram                          120.00 USD

2017-04-08 * "Kin Soy" "Eating out with work buddies"
  Liabilities:US:Chase:Slate                       -33.94 USD
  Expenses:Food:Restaurant                          33.94 USD

2017-04-09 * "Chase:Slate" "Paying off credit card"
  Liabilities:US:Chase:Slate                       824.49 USD
  Assets:US:BofA:Checking                         -824.49 USD

2017-04-11 * "Jewel of Morroco" "Eating out "
  Liabilities:US:Chase:Slate                       -32.93 USD
  Expenses:Food:Restaurant                          32.93 USD

2017-04-13 * "China Garden" "Eating out alone"
  Liabilities:US:Chase:Slate                       -29.40 USD
  Expenses:Food:Restaurant                          29.40 USD

2017-04-16 balance Liabilities:US:Chase:Slate     -578.33 USD

2017-04-18 * "Chichipotle" "Eating out with Joe"
  Liabilities:US:Chase:Slate                       -50.84 USD
  Expenses:Food:Restaurant                          50.84 USD

2017-04-19 * "Uncle Boons" "Eating out with Joe"
  Liabilities:US:Chase:Slate                       -22.52 USD
  Expenses:Food:Restaurant                          22.52 USD

2017-04-22 * "Corner Deli" "Buying groceries"
  Liabilities:US:Chase:Slate                       -68.90 USD
  Expenses:Food:Groceries                           68.90 USD

2017-04-23 * "China Garden" "Eating out with Natasha"
  Liabilities:US:Chase:Slate                       -41.92 USD
  Expenses:Food:Restaurant                          41.92 USD

2017-04-27 * "Chichipotle" "Eating out with work buddies"
  Liabilities:US:Chase:Slate                       -20.44 USD
  Expenses:Food:Restaurant                          20.44 USD

2017-04-29 * "Jewel of Morroco" "Eating out "
  Liabilities:US:Chase:Slate                       -16.60 USD
  Expenses:Food:Restaurant                          16.60 USD

2017-05-01 * "Kin Soy" "Eating out with Julie"
  Liabilities:US:Chase:Slate                       -48.93 USD
  Expenses:Food:Restaurant                          48.93 USD

2017-05-03 * "Cafe Modagor" "Eating out with work buddies"
  Liabilities:US:Chase:Slate                       -38.44 USD
  Expenses:Food:Restaurant                          38.44 USD

2017-05-04 * "China Garden" "Eating out with Bill"
  Liabilities:US:Chase:Slate                       -50.34 USD
  Expenses:Food:Restaurant                          50.34 USD

2017-05-09 * "Rose Flower" "Eating out with work buddies"
  Liabilities:US:Chase:Slate                       -30.17 USD
  Expenses:Food:Restaurant                          30.17 USD

2017-05-09 * "Metro Transport Authority" "Tram tickets"
  Liabilities:US:Chase:Slate                      -120.00 USD
  Expenses:Transport:Tram                          120.00 USD

2017-05-10 * "Corner Deli" "Buying groceries"
  Liabilities:US:Chase:Slate                       -81.85 USD
  Expenses:Food:Groceries                           81.85 USD

2017-05-11 * "Jewel of Morroco" "Eating out alone"
  Liabilities:US:Chase:Slate                       -24.18 USD
  Expenses:Food:Restaurant                          24.18 USD

2017-05-11 * "Chase:Slate" "Paying off credit card"
  Liabilities:US:Chase:Slate                       644.53 USD
  Assets:US:BofA:Checking                         -644.53 USD

2017-05-14 balance Liabilities:US:Chase:Slate     -548.93 USD

2017-05-16 * "Cafe Modagor" "Eating out with Julie"
  Liabilities:US:Chase:Slate                       -35.84 USD
  Expenses:Food:Restaurant                          35.84 USD

2017-05-16 * "Onion Market" "Buying groceries"
  Liabilities:US:Chase:Slate                       -70.90 USD
  Expenses:Food:Groceries                           70.90 USD

2017-05-19 * "China Garden" "Eating out with Julie"
  Liabilities:US:Chase:Slate                       -20.55 USD
  Expenses:Food:Restaurant                          20.55 USD

2017-05-21 * "Kin Soy" "Eating out with Julie"
  Liabilities:US:Chase:Slate                       -29.81 USD
  Expenses:Food:Restaurant                          29.81 USD

2017-05-23 * "Farmer Fresh" "Buying groceries"
  Liabilities:US:Chase:Slate                      -138.36 USD
  Expenses:Food:Groceries                          138.36 USD

2017-05-24 * "Chichipotle" "Eating out "
  Liabilities:US:Chase:Slate                       -18.58 USD
  Expenses:Food:Restaurant                          18.58 USD

2017-05-27 * "Chichipotle" "Eating out after work"
  Liabilities:US:Chase:Slate                       -11.97 USD
  Expenses:Food:Restaurant                          11.97 USD

2017-06-01 * "Chichipotle" "Eating out "
  Liabilities:US:Chase:Slate                       -32.24 USD
  Expenses:Food:Restaurant                          32.24 USD

2017-06-04 * "Corner Deli" "Buying groceries"
  Liabilities:US:Chase:Slate                       -83.06 USD
  Expenses:Food:Groceries                           83.06 USD

2017-06-06 * "Chichipotle" "Eating out with Bill"
  Liabilities:US:Chase:Slate                       -23.38 USD
  Expenses:Food:Restaurant                          23.38 USD

2017-06-07 * "Chase:Slate" "Paying off credit card"
  Liabilities:US:Chase:Slate                       496.49 USD
  Assets:US:BofA:Checking                         -496.49 USD

2017-06-08 balance Liabilities:US:Chase:Slate     -517.13 USD

2017-06-09 * "Goba Goba" "Eating out with Joe"
  Liabilities:US:Chase:Slate                       -31.80 USD
  Expenses:Food:Restaurant                          31.80 USD

2017-06-11 * "Metro Transport Authority" "Tram tickets"
  Liabilities:US:Chase:Slate                      -120.00 USD
  Expenses:Transport:Tram                          120.00 USD

2017-06-13 * "Rose Flower" "Eating out with Bill"
  Liabilities:US:Chase:Slate                       -25.97 USD
  Expenses:Food:Restaurant                          25.97 USD

2017-06-18 * "Jewel of Morroco" "Eating out alone"
  Liabilities:US:Chase:Slate                       -30.28 USD
  Expenses:Food:Restaurant                          30.28 USD

2017-06-19 * "Kin Soy" "Eating out with Bill"
  Liabilities:US:Chase:Slate                       -16.37 USD
  Expenses:Food:Restaurant                          16.37 USD

2017-06-20 * "Corner Deli" "Buying groceries"
  Liabilities:US:Chase:Slate                       -87.87 USD
  Expenses:Food:Groceries                           87.87 USD

2017-06-23 * "Kin Soy" "Eating out with Julie"
  Liabilities:US:Chase:Slate                       -12.59 USD
  Expenses:Food:Restaurant                          12.59 USD

2017-06-24 event "location" "San Francisco"

2017-06-25 * "Bar Crudo" "" #trip-san-francisco-2017
  Liabilities:US:Chase:Slate                       -66.46 USD
  Expenses:Food:Restaurant                          66.46 USD

2017-06-27 * "Bar Crudo" "" #trip-san-francisco-2017
  Liabilities:US:Chase:Slate                       -71.37 USD
  Expenses:Food:Restaurant                          71.37 USD

2017-06-27 * "Pizza Delfina" "" #trip-san-francisco-2017
  Liabilities:US:Chase:Slate                       -16.02 USD
  Expenses:Food:Restaurant                          16.02 USD

2017-06-27 * "Waterbar" "" #trip-san-francisco-2017
  Liabilities:US:Chase:Slate                       -44.35 USD
  Expenses:Food:Restaurant                          44.35 USD

2017-06-27 * "Starbucks" "" #trip-san-francisco-2017
  Liabilities:US:Chase:Slate                        -6.43 USD
  Expenses:Food:Coffee                               6.43 USD

2017-06-29 * "Mission Chinese Food" "" #trip-san-francisco-2017
  Liabilities:US:Chase:Slate                       -25.53 USD
  Expenses:Food:Restaurant                          25.53 USD

2017-06-29 * "Starbucks" "" #trip-san-francisco-2017
  Liabilities:US:Chase:Slate                        -6.93 USD
  Expenses:Food:Coffee                               6.93 USD

2017-06-30 * "Bar Crudo" "" #trip-san-francisco-2017
  Liabilities:US:Chase:Slate                       -76.89 USD
  Expenses:Food:Restaurant                          76.89 USD

2017-06-30 * "Starbucks" "" #trip-san-francisco-2017
  Liabilities:US:Chase:Slate                        -5.88 USD
  Expenses:Food:Coffee                               5.88 USD

2017-07-01 * "Bar Crudo" "" #trip-san-francisco-2017
  Liabilities:US:Chase:Slate                       -60.87 USD
  Expenses:Food:Restaurant                          60.87 USD

2017-07-01 * "Starbucks" "" #trip-san-francisco-2017
  Liabilities:US:Chase:Slate                        -6.03 USD
  Expenses:Food:Coffee                               6.03 USD

2017-07-03 * "Waterbar" "" #trip-san-francisco-2017
  Liabilities:US:Chase:Slate                       -38.34 USD
  Expenses:Food:Restaurant                          38.34 USD

2017-07-04 balance Liabilities:US:Chase:Slate    -1267.11 USD

2017-07-04 * "Bar Crudo" "" #trip-san-francisco-2017
  Liabilities:US:Chase:Slate                       -73.76 USD
  Expenses:Food:Restaurant                          73.76 USD

2017-07-04 * "Pizza Delfina" "" #trip-san-francisco-2017
  Liabilities:US:Chase:Slate                       -20.64 USD
  Expenses:Food:Restaurant                          20.64 USD

2017-07-04 * "Waterbar" "" #trip-san-francisco-2017
  Liabilities:US:Chase:Slate                       -51.67 USD
  Expenses:Food:Restaurant                          51.67 USD

2017-07-06 * "Waterbar" "" #trip-san-francisco-2017
  Liabilities:US:Chase:Slate                       -44.43 USD
  Expenses:Food:Restaurant                          44.43 USD

2017-07-06 * "Mission Chinese Food" "" #trip-san-francisco-2017
  Liabilities:US:Chase:Slate                       -29.98 USD
  Expenses:Food:Restaurant                          29.98 USD

2017-07-07 * "Waterbar" "" #trip-san-francisco-2017
  Liabilities:US:Chase:Slate                       -53.31 USD
  Expenses:Food:Restaurant                          53.31 USD

2017-07-07 * "Chase:Slate" "Paying off credit card"
  Liabilities:US:Chase:Slate                       323.34 USD
  Assets:US:BofA:Checking                         -323.34 USD

2017-07-08 * "Mission Chinese Food" "" #trip-san-francisco-2017
  Liabilities:US:Chase:Slate                       -18.46 USD
  Expenses:Food:Restaurant                          18.46 USD

2017-07-09 * "Mission Chinese Food" "" #trip-san-francisco-2017
  Liabilities:US:Chase:Slate                       -28.37 USD
  Expenses:Food:Restaurant                          28.37 USD

2017-07-10 * "Waterbar" "" #trip-san-francisco-2017
  Liabilities:US:Chase:Slate                       -44.98 USD
  Expenses:Food:Restaurant                          44.98 USD

2017-07-10 * "Starbucks" "" #trip-san-francisco-2017
  Liabilities:US:Chase:Slate                        -6.23 USD
  Expenses:Food:Coffee                               6.23 USD

2017-07-11 * "Bar Crudo" "" #trip-san-francisco-2017
  Liabilities:US:Chase:Slate                       -72.91 USD
  Expenses:Food:Restaurant                          72.91 USD

2017-07-12 * "Bar Crudo" "" #trip-san-francisco-2017
  Liabilities:US:Chase:Slate                       -67.70 USD
  Expenses:Food:Restaurant                          67.70 USD

2017-07-13 * "Mission Chinese Food" "" #trip-san-francisco-2017
  Liabilities:US:Chase:Slate                       -23.70 USD
  Expenses:Food:Restaurant                          23.70 USD

2017-07-14 * "Mission Chinese Food" "" #trip-san-francisco-2017
  Liabilities:US:Chase:Slate                       -29.70 USD
  Expenses:Food:Restaurant                          29.70 USD

2017-07-14 * "Starbucks" "" #trip-san-francisco-2017
  Liabilities:US:Chase:Slate                        -5.51 USD
  Expenses:Food:Coffee                               5.51 USD

2017-07-15 * "Bar Crudo" "" #trip-san-francisco-2017
  Liabilities:US:Chase:Slate                       -78.86 USD
  Expenses:Food:Restaurant                          78.86 USD

2017-07-15 * "Waterbar" "" #trip-san-francisco-2017
  Liabilities:US:Chase:Slate                       -42.46 USD
  Expenses:Food:Restaurant                          42.46 USD

2017-07-15 * "Consume vacation days"
  Assets:US:BayBook:Vacation                         -168 VACHR
  Expenses:Vacation                                   168 VACHR

2017-07-15 event "location" "New Metropolis"

2017-07-17 * "Cafe Modagor" "Eating out alone"
  Liabilities:US:Chase:Slate                       -30.26 USD
  Expenses:Food:Restaurant                          30.26 USD

2017-07-19 * "Farmer Fresh" "Buying groceries"
  Liabilities:US:Chase:Slate                       -57.87 USD
  Expenses:Food:Groceries                           57.87 USD

2017-07-22 * "Cafe Modagor" "Eating out with Bill"
  Liabilities:US:Chase:Slate                       -16.29 USD
  Expenses:Food:Restaurant                          16.29 USD

2017-07-25 * "Good Moods Market" "Buying groceries"
  Liabilities:US:Chase:Slate                      -118.60 USD
  Expenses:Food:Groceries                          118.60 USD

2017-07-26 * "Kin Soy" "Eating out after work"
  Liabilities:US:Chase:Slate                       -29.68 USD
  Expenses:Food:Restaurant                          29.68 USD

2017-07-28 balance Liabilities:US:Chase:Slate    -1889.14 USD

2017-07-29 * "Rose Flower" "Eating out alone"
  Liabilities:US:Chase:Slate                       -65.95 USD
  Expenses:Food:Restaurant                          65.95 USD

2017-08-01 * "China Garden" "Eating out after work"
  Liabilities:US:Chase:Slate                       -28.82 USD
  Expenses:Food:Restaurant                          28.82 USD

2017-08-02 * "Corner Deli" "Buying groceries"
  Liabilities:US:Chase:Slate                       -76.41 USD
  Expenses:Food:Groceries                           76.41 USD

2017-08-04 * "Rose Flower" "Eating out with work buddies"
  Liabilities:US:Chase:Slate                       -16.00 USD
  Expenses:Food:Restaurant                          16.00 USD

2017-08-07 * "Metro Transport Authority" "Tram tickets"
  Liabilities:US:Chase:Slate                      -120.00 USD
  Expenses:Transport:Tram                          120.00 USD

2017-08-09 * "Rose Flower" "Eating out with Joe"
  Liabilities:US:Chase:Slate                       -63.41 USD
  Expenses:Food:Restaurant                          63.41 USD

2017-08-11 * "Chase:Slate" "Paying off credit card"
  Liabilities:US:Chase:Slate                       605.06 USD
  Assets:US:BofA:Checking                         -605.06 USD

2017-08-12 * "Rose Flower" "Eating out with Bill"
  Liabilities:US:Chase:Slate                       -12.03 USD
  Expenses:Food:Restaurant                          12.03 USD

2017-08-15 * "Jewel of Morroco" "Eating out with Julie"
  Liabilities:US:Chase:Slate                       -45.35 USD
  Expenses:Food:Restaurant                          45.35 USD

2017-08-17 balance Liabilities:US:Chase:Slate    -1712.05 USD

2017-08-20 * "Cafe Modagor" "Eating out alone"
  Liabilities:US:Chase:Slate                       -90.28 USD
  Expenses:Food:Restaurant                          90.28 USD

2017-08-21 * "Uncle Boons" "Eating out "
  Liabilities:US:Chase:Slate                       -20.10 USD
  Expenses:Food:Restaurant                          20.10 USD

2017-08-22 * "Onion Market" "Buying groceries"
  Liabilities:US:Chase:Slate                       -91.13 USD
  Expenses:Food:Groceries                           91.13 USD

2017-08-25 * "Cafe Modagor" "Eating out "
  Liabilities:US:Chase:Slate                       -25.19 USD
  Expenses:Food:Restaurant                          25.19 USD

2017-08-30 * "Kin Soy" "Eating out with Julie"
  Liabilities:US:Chase:Slate                       -45.89 USD
  Expenses:Food:Restaurant                          45.89 USD

2017-09-02 * "Farmer Fresh" "Buying groceries"
  Liabilities:US:Chase:Slate                       -63.59 USD
  Expenses:Food:Groceries                           63.59 USD

2017-09-03 * "Cafe Modagor" "Eating out with Natasha"
  Liabilities:US:Chase:Slate                       -32.42 USD
  Expenses:Food:Restaurant                          32.42 USD

2017-09-07 balance Liabilities:US:Chase:Slate    -2080.65 USD

2017-09-07 * "Jewel of Morroco" "Eating out "
  Liabilities:US:Chase:Slate                       -16.12 USD
  Expenses:Food:Restaurant                          16.12 USD

2017-09-08 * "Metro Transport Authority" "Tram tickets"
  Liabilities:US:Chase:Slate                      -120.00 USD
  Expenses:Transport:Tram                          120.00 USD

2017-09-08 * "Chase:Slate" "Paying off credit card"
  Liabilities:US:Chase:Slate                       550.07 USD
  Assets:US:BofA:Checking                         -550.07 USD

2017-09-10 * "Chichipotle" "Eating out with work buddies"
  Liabilities:US:Chase:Slate                       -90.42 USD
  Expenses:Food:Restaurant                          90.42 USD

2017-09-12 * "Onion Market" "Buying groceries"
  Liabilities:US:Chase:Slate                       -67.48 USD
  Expenses:Food:Groceries                           67.48 USD

2017-09-15 * "Jewel of Morroco" "Eating out with Joe"
  Liabilities:US:Chase:Slate                       -22.58 USD
  Expenses:Food:Restaurant                          22.58 USD

2017-09-19 * "Cafe Modagor" "Eating out with Bill"
  Liabilities:US:Chase:Slate                       -17.79 USD
  Expenses:Food:Restaurant                          17.79 USD

2017-09-23 * "Jewel of Morroco" "Eating out alone"
  Liabilities:US:Chase:Slate                       -33.90 USD
  Expenses:Food:Restaurant                          33.90 USD

2017-09-25 * "Farmer Fresh" "Buying groceries"
  Liabilities:US:Chase:Slate                       -96.71 USD
  Expenses:Food:Groceries                           96.71 USD

2017-09-28 balance Liabilities:US:Chase:Slate    -1995.58 USD

2017-09-28 * "China Garden" "Eating out after work"
  Liabilities:US:Chase:Slate                       -46.33 USD
  Expenses:Food:Restaurant                          46.33 USD

2017-10-03 * "China Garden" "Eating out with Natasha"
  Liabilities:US:Chase:Slate                       -30.63 USD
  Expenses:Food:Restaurant                          30.63 USD

2017-10-04 * "Cafe Modagor" "Eating out alone"
  Liabilities:US:Chase:Slate                       -36.41 USD
  Expenses:Food:Restaurant                          36.41 USD

2017-10-07 * "Rose Flower" "Eating out with Bill"
  Liabilities:US:Chase:Slate                       -43.99 USD
  Expenses:Food:Restaurant                          43.99 USD

2017-10-11 * "Metro Transport Authority" "Tram tickets"
  Liabilities:US:Chase:Slate                      -120.00 USD
  Expenses:Transport:Tram                          120.00 USD

2017-10-11 * "Chase:Slate" "Paying off credit card"
  Liabilities:US:Chase:Slate                       606.24 USD
  Assets:US:BofA:Checking                         -606.24 USD

2017-10-12 * "Uncle Boons" "Eating out "
  Liabilities:US:Chase:Slate                       -44.23 USD
  Expenses:Food:Restaurant                          44.23 USD

2017-10-14 * "Farmer Fresh" "Buying groceries"
  Liabilities:US:Chase:Slate                       -76.24 USD
  Expenses:Food:Groceries                           76.24 USD

2017-10-16 * "China Garden" "Eating out with Bill"
  Liabilities:US:Chase:Slate                       -23.28 USD
  Expenses:Food:Restaurant                          23.28 USD

2017-10-18 balance Liabilities:US:Chase:Slate    -1810.45 USD

2017-10-18 * "Kin Soy" "Eating out after work"
  Liabilities:US:Chase:Slate                       -32.21 USD
  Expenses:Food:Restaurant                          32.21 USD

2017-10-20 * "Goba Goba" "Eating out after work"
  Liabilities:US:Chase:Slate                       -23.74 USD
  Expenses:Food:Restaurant                          23.74 USD

2017-10-23 * "Uncle Boons" "Eating out "
  Liabilities:US:Chase:Slate                       -16.85 USD
  Expenses:Food:Restaurant                          16.85 USD

2017-10-23 * "Good Moods Market" "Buying groceries"
  Liabilities:US:Chase:Slate                       -83.51 USD
  Expenses:Food:Groceries                           83.51 USD

2017-10-24 * "Jewel of Morroco" "Eating out with work buddies"
  Liabilities:US:Chase:Slate                       -58.85 USD
  Expenses:Food:Restaurant                          58.85 USD

2017-10-28 * "Chichipotle" "Eating out "
  Liabilities:US:Chase:Slate                       -28.15 USD
  Expenses:Food:Restaurant                          28.15 USD

2017-10-31 * "Jewel of Morroco" "Eating out after work"
  Liabilities:US:Chase:Slate                       -16.78 USD
  Expenses:Food:Restaurant                          16.78 USD

2017-11-01 * "China Garden" "Eating out after work"
  Liabilities:US:Chase:Slate                       -44.34 USD
  Expenses:Food:Restaurant                          44.34 USD

2017-11-06 * "Goba Goba" "Eating out "
  Liabilities:US:Chase:Slate                       -31.65 USD
  Expenses:Food:Restaurant                          31.65 USD

2017-11-08 * "Farmer Fresh" "Buying groceries"
  Liabilities:US:Chase:Slate                       -73.63 USD
  Expenses:Food:Groceries                           73.63 USD

2017-11-08 * "Chase:Slate" "Paying off credit card"
  Liabilities:US:Chase:Slate                       553.46 USD
  Assets:US:BofA:Checking                         -553.46 USD

2017-11-09 * "Metro Transport Authority" "Tram tickets"
  Liabilities:US:Chase:Slate                      -120.00 USD
  Expenses:Transport:Tram                          120.00 USD

2017-11-11 * "Uncle Boons" "Eating out with Julie"
  Liabilities:US:Chase:Slate                       -39.87 USD
  Expenses:Food:Restaurant                          39.87 USD

2017-11-13 * "China Garden" "Eating out with Joe"
  Liabilities:US:Chase:Slate                       -41.83 USD
  Expenses:Food:Restaurant                          41.83 USD

2017-11-13 * "Farmer Fresh" "Buying groceries"
  Liabilities:US:Chase:Slate                       -76.83 USD
  Expenses:Food:Groceries                           76.83 USD

2017-11-14 * "Jewel of Morroco" "Eating out "
  Liabilities:US:Chase:Slate                       -25.40 USD
  Expenses:Food:Restaurant                          25.40 USD

2017-11-16 balance Liabilities:US:Chase:Slate    -1970.63 USD

2017-11-17 * "China Garden" "Eating out with Joe"
  Liabilities:US:Chase:Slate                       -38.15 USD
  Expenses:Food:Restaurant                          38.15 USD

2017-11-18 * "Kin Soy" "Eating out "
  Liabilities:US:Chase:Slate                       -55.33 USD
  Expenses:Food:Restaurant                          55.33 USD

2017-11-20 * "Uncle Boons" "Eating out with Julie"
  Liabilities:US:Chase:Slate                       -33.90 USD
  Expenses:Food:Restaurant                          33.90 USD

2017-11-23 * "Jewel of Morroco" "Eating out with work buddies"
  Liabilities:US:Chase:Slate                       -42.38 USD
  Expenses:Food:Restaurant                          42.38 USD

2017-11-27 * "Rose Flower" "Eating out with Bill"
  Liabilities:US:Chase:Slate                       -32.01 USD
  Expenses:Food:Restaurant                          32.01 USD

2017-11-28 * "Jewel of Morroco" "Eating out "
  Liabilities:US:Chase:Slate                       -56.01 USD
  Expenses:Food:Restaurant                          56.01 USD

2017-11-28 * "Good Moods Market" "Buying groceries"
  Liabilities:US:Chase:Slate                       -74.14 USD
  Expenses:Food:Groceries                           74.14 USD

2017-12-02 * "Jewel of Morroco" "Eating out with Bill"
  Liabilities:US:Chase:Slate                       -25.34 USD
  Expenses:Food:Restaurant                          25.34 USD

2017-12-03 * "Uncle Boons" "Eating out with Bill"
  Liabilities:US:Chase:Slate                       -64.13 USD
  Expenses:Food:Restaurant                          64.13 USD

2017-12-07 * "Kin Soy" "Eating out with Julie"
  Liabilities:US:Chase:Slate                       -17.02 USD
  Expenses:Food:Restaurant                          17.02 USD

2017-12-07 * "Corner Deli" "Buying groceries"
  Liabilities:US:Chase:Slate                      -117.33 USD
  Expenses:Food:Groceries                          117.33 USD

2017-12-10 * "Chase:Slate" "Paying off credit card"
  Liabilities:US:Chase:Slate                       873.27 USD
  Assets:US:BofA:Checking                         -873.27 USD

2017-12-11 * "China Garden" "Eating out with work buddies"
  Liabilities:US:Chase:Slate                       -13.60 USD
  Expenses:Food:Restaurant                          13.60 USD

2017-12-11 * "Metro Transport Authority" "Tram tickets"
  Liabilities:US:Chase:Slate                      -120.00 USD
  Expenses:Transport:Tram                          120.00 USD

2017-12-12 * "Kin Soy" "Eating out after work"
  Liabilities:US:Chase:Slate                       -44.35 USD
  Expenses:Food:Restaurant                          44.35 USD

2017-12-15 * "Jewel of Morroco" "Eating out with Julie"
  Liabilities:US:Chase:Slate                       -51.43 USD
  Expenses:Food:Restaurant                          51.43 USD

2017-12-16 balance Liabilities:US:Chase:Slate    -1882.48 USD

2017-12-18 * "Goba Goba" "Eating out with Bill"
  Liabilities:US:Chase:Slate                       -20.70 USD
  Expenses:Food:Restaurant                          20.70 USD

2017-12-20 * "Rose Flower" "Eating out with Natasha"
  Liabilities:US:Chase:Slate                       -41.50 USD
  Expenses:Food:Restaurant                          41.50 USD

2017-12-24 * "Onion Market" "Buying groceries"
  Liabilities:US:Chase:Slate                       -82.45 USD
  Expenses:Food:Groceries                           82.45 USD

2017-12-25 * "Cafe Modagor" "Eating out with Bill"
  Liabilities:US:Chase:Slate                       -31.31 USD
  Expenses:Food:Restaurant                          31.31 USD

2017-12-28 * "Kin Soy" "Eating out with Natasha"
  Liabilities:US:Chase:Slate                       -25.21 USD
  Expenses:Food:Restaurant                          25.21 USD

2017-12-29 * "Good Moods Market" "Buying groceries"
  Liabilities:US:Chase:Slate                      -120.15 USD
  Expenses:Food:Groceries                          120.15 USD

2018-01-01 * "Uncle Boons" "Eating out "
  Liabilities:US:Chase:Slate                       -70.21 USD
  Expenses:Food:Restaurant                          70.21 USD

2018-01-03 * "Rose Flower" "Eating out with Bill"
  Liabilities:US:Chase:Slate                       -34.01 USD
  Expenses:Food:Restaurant                          34.01 USD

2018-01-03 * "Farmer Fresh" "Buying groceries"
  Liabilities:US:Chase:Slate                       -92.17 USD
  Expenses:Food:Groceries                           92.17 USD

2018-01-05 * "Goba Goba" "Eating out "
  Liabilities:US:Chase:Slate                       -34.73 USD
  Expenses:Food:Restaurant                          34.73 USD

2018-01-08 * "Uncle Boons" "Eating out with work buddies"
  Liabilities:US:Chase:Slate                       -35.08 USD
  Expenses:Food:Restaurant                          35.08 USD

2018-01-08 * "Chase:Slate" "Paying off credit card"
  Liabilities:US:Chase:Slate                       803.30 USD
  Assets:US:BofA:Checking                         -803.30 USD

2018-01-10 * "Chichipotle" "Eating out with Natasha"
  Liabilities:US:Chase:Slate                       -30.18 USD
  Expenses:Food:Restaurant                          30.18 USD

2018-01-11 * "Cafe Modagor" "Eating out with Julie"
  Liabilities:US:Chase:Slate                       -42.46 USD
  Expenses:Food:Restaurant                          42.46 USD

2018-01-12 balance Liabilities:US:Chase:Slate    -1739.34 USD

2018-01-13 * "Metro Transport Authority" "Tram tickets"
  Liabilities:US:Chase:Slate                      -120.00 USD
  Expenses:Transport:Tram                          120.00 USD

2018-01-14 * "China Garden" "Eating out with Bill"
  Liabilities:US:Chase:Slate                       -54.44 USD
  Expenses:Food:Restaurant                          54.44 USD

2018-01-18 * "Uncle Boons" "Eating out with Bill"
  Liabilities:US:Chase:Slate                       -31.10 USD
  Expenses:Food:Restaurant                          31.10 USD

2018-01-19 * "Good Moods Market" "Buying groceries"
  Liabilities:US:Chase:Slate                       -85.40 USD
  Expenses:Food:Groceries                           85.40 USD

2018-01-20 * "Uncle Boons" "Eating out with Natasha"
  Liabilities:US:Chase:Slate                       -75.00 USD
  Expenses:Food:Restaurant                          75.00 USD

2018-01-24 * "Kin Soy" "Eating out with work buddies"
  Liabilities:US:Chase:Slate                       -48.00 USD
  Expenses:Food:Restaurant                          48.00 USD

2018-01-24 * "Good Moods Market" "Buying groceries"
  Liabilities:US:Chase:Slate                       -74.65 USD
  Expenses:Food:Groceries                           74.65 USD

2018-01-25 * "Jewel of Morroco" "Eating out after work"
  Liabilities:US:Chase:Slate                       -40.06 USD
  Expenses:Food:Restaurant                          40.06 USD

2018-01-27 * "Uncle Boons" "Eating out with Natasha"
  Liabilities:US:Chase:Slate                       -54.51 USD
  Expenses:Food:Restaurant                          54.51 USD

2018-02-01 * "Rose Flower" "Eating out after work"
  Liabilities:US:Chase:Slate                       -20.58 USD
  Expenses:Food:Restaurant                          20.58 USD

2018-02-02 * "Corner Deli" "Buying groceries"
  Liabilities:US:Chase:Slate                       -80.34 USD
  Expenses:Food:Groceries                           80.34 USD

2018-02-05 * "Kin Soy" "Eating out "
  Liabilities:US:Chase:Slate                       -21.76 USD
  Expenses:Food:Restaurant                          21.76 USD

2018-02-07 balance Liabilities:US:Chase:Slate    -2445.18 USD

2018-02-09 * "Metro Transport Authority" "Tram tickets"
  Liabilities:US:Chase:Slate                      -120.00 USD
  Expenses:Transport:Tram                          120.00 USD

2018-02-10 * "Cafe Modagor" "Eating out "
  Liabilities:US:Chase:Slate                       -18.55 USD
  Expenses:Food:Restaurant                          18.55 USD

2018-02-13 * "Jewel of Morroco" "Eating out with Natasha"
  Liabilities:US:Chase:Slate                       -32.09 USD
  Expenses:Food:Restaurant                          32.09 USD

2018-02-16 * "Jewel of Morroco" "Eating out with Julie"
  Liabilities:US:Chase:Slate                       -19.04 USD
  Expenses:Food:Restaurant                          19.04 USD

2018-02-17 * "Good Moods Market" "Buying groceries"
  Liabilities:US:Chase:Slate                       -53.46 USD
  Expenses:Food:Groceries                           53.46 USD

2018-02-19 * "Rose Flower" "Eating out after work"
  Liabilities:US:Chase:Slate                       -43.65 USD
  Expenses:Food:Restaurant                          43.65 USD

2018-02-21 * "Rose Flower" "Eating out alone"
  Liabilities:US:Chase:Slate                       -28.30 USD
  Expenses:Food:Restaurant                          28.30 USD

2018-02-25 * "Onion Market" "Buying groceries"
  Liabilities:US:Chase:Slate                       -79.38 USD
  Expenses:Food:Groceries                           79.38 USD

2018-02-26 * "Chichipotle" "Eating out "
  Liabilities:US:Chase:Slate                       -33.62 USD
  Expenses:Food:Restaurant                          33.62 USD



* Taxable Investments

2016-01-01 open Assets:US:ETrade:Cash                       USD
2016-01-01 open Assets:US:ETrade:ITOT                       ITOT
2016-01-01 open Assets:US:ETrade:VEA                       VEA
2016-01-01 open Assets:US:ETrade:VHT                       VHT
2016-01-01 open Assets:US:ETrade:GLD                       GLD
2016-01-01 open Income:US:ETrade:Gains                      USD
2016-01-01 open Income:US:ETrade:Dividends                  USD

2016-08-20 * "Buy shares of VEA"
  Assets:US:ETrade:Cash                           -544.03 USD                          
  Assets:US:ETrade:VEA                                  3 VEA {178.36 USD, 2016-08-20}
  Expenses:Financial:Commissions                     8.95 USD                          

2016-08-20 * "Buy shares of GLD"
  Assets:US:ETrade:Cash                           -669.33 USD                         
  Assets:US:ETrade:GLD                                  7 GLD {94.34 USD, 2016-08-20}
  Expenses:Financial:Commissions                     8.95 USD                         

2016-08-20 * "Buy shares of VHT"
  Assets:US:ETrade:Cash                           -686.07 USD                          
  Assets:US:ETrade:VHT                                  4 VHT {169.28 USD, 2016-08-20}
  Expenses:Financial:Commissions                     8.95 USD                          

2016-08-20 * "Buy shares of ITOT"
  Assets:US:ETrade:Cash                           -640.21 USD                          
  Assets:US:ETrade:ITOT                                 6 ITOT {105.21 USD, 2016-08-20}
  Expenses:Financial:Commissions                     8.95 USD                          

2016-09-17 * "Dividends on portfolio"
  Assets:US:ETrade:Cash                             10.02 USD
  Income:US:ETrade:Dividends                       -10.02 USD

2016-09-22 * "Sell shares of GLD"
  Assets:US:ETrade:GLD                                 -7 GLD {94.34 USD, 2016-08-20} @ 96.31 USD
  Assets:US:ETrade:Cash                            665.22 USD                                     
  Expenses:Financial:Commissions                     8.95 USD                                     
  Income:US:ETrade:Gains                           -13.79 USD                                     

2016-11-04 * "Buy shares of VHT"
  Assets:US:ETrade:Cash                          -2419.75 USD                          
  Assets:US:ETrade:VHT                                 14 VHT {172.20 USD, 2016-11-04}
  Expenses:Financial:Commissions                     8.95 USD                          

2016-11-04 * "Buy shares of ITOT"
  Assets:US:ETrade:Cash                          -2437.97 USD                          
  Assets:US:ETrade:ITOT                                22 ITOT {110.41 USD, 2016-11-04}
  Expenses:Financial:Commissions                     8.95 USD                          

2016-12-17 * "Dividends on portfolio"
  Assets:US:ETrade:Cash                             29.37 USD
  Income:US:ETrade:Dividends                       -29.37 USD

2016-12-19 * "Sell shares of ITOT"
  Assets:US:ETrade:ITOT                                -6 ITOT {105.21 USD, 2016-08-20} @ 110.60 USD
  Assets:US:ETrade:Cash                            654.65 USD                                       
  Expenses:Financial:Commissions                     8.95 USD                                       
  Income:US:ETrade:Gains                           -32.34 USD                                       

2017-01-28 * "Sell shares of VHT"
  Assets:US:ETrade:VHT                                 -4 VHT {169.28 USD, 2016-08-20} @ 173.39 USD
  Assets:US:ETrade:Cash                            684.61 USD                                       
  Expenses:Financial:Commissions                     8.95 USD                                       
  Income:US:ETrade:Gains                           -16.44 USD                                       

2017-01-29 * "Buy shares of VHT"
  Assets:US:ETrade:Cash                           -182.34 USD                          
  Assets:US:ETrade:VHT                                  1 VHT {173.39 USD, 2017-01-29}
  Expenses:Financial:Commissions                     8.95 USD                          

2017-01-29 * "Buy shares of VEA"
  Assets:US:ETrade:Cash                           -194.46 USD                          
  Assets:US:ETrade:VEA                                  1 VEA {185.51 USD, 2017-01-29}
  Expenses:Financial:Commissions                     8.95 USD                          

2017-01-29 * "Buy shares of GLD"
  Assets:US:ETrade:Cash                           -209.63 USD                          
  Assets:US:ETrade:GLD                                  2 GLD {100.34 USD, 2017-01-29}
  Expenses:Financial:Commissions                     8.95 USD                          

2017-01-29 * "Buy shares of ITOT"
  Assets:US:ETrade:Cash                           -238.25 USD                          
  Assets:US:ETrade:ITOT                                 2 ITOT {114.65 USD, 2017-01-29}
  Expenses:Financial:Commissions                     8.95 USD                          

2017-02-03 * "Sell shares of ITOT"
  Assets:US:ETrade:ITOT                                -2 ITOT {114.65 USD, 2017-01-29} @ 113.29 USD
  Assets:US:ETrade:Cash                            217.63 USD                                       
  Expenses:Financial:Commissions                     8.95 USD                                       
  Income:US:ETrade:Gains                             2.72 USD                                       

2017-02-08 * "Sell shares of ITOT"
  Assets:US:ETrade:ITOT                               -22 ITOT {110.41 USD, 2016-11-04} @ 113.29 USD
  Assets:US:ETrade:Cash                           2483.43 USD                                       
  Expenses:Financial:Commissions                     8.95 USD                                       
  Income:US:ETrade:Gains                           -63.36 USD                                       

2017-02-21 * "Buy shares of VHT"
  Assets:US:ETrade:Cash                           -712.91 USD                          
  Assets:US:ETrade:VHT                                  4 VHT {175.99 USD, 2017-02-21}
  Expenses:Financial:Commissions                     8.95 USD                          

2017-02-21 * "Buy shares of ITOT"
  Assets:US:ETrade:Cash                           -697.75 USD                          
  Assets:US:ETrade:ITOT                                 6 ITOT {114.80 USD, 2017-02-21}
  Expenses:Financial:Commissions                     8.95 USD                          

2017-02-21 * "Buy shares of VEA"
  Assets:US:ETrade:Cash                           -758.31 USD                          
  Assets:US:ETrade:VEA                                  4 VEA {187.34 USD, 2017-02-21}
  Expenses:Financial:Commissions                     8.95 USD                          

2017-02-21 * "Buy shares of GLD"
  Assets:US:ETrade:Cash                           -714.48 USD                          
  Assets:US:ETrade:GLD                                  7 GLD {100.79 USD, 2017-02-21}
  Expenses:Financial:Commissions                     8.95 USD                          

2017-03-18 * "Dividends on portfolio"
  Assets:US:ETrade:Cash                             43.92 USD
  Income:US:ETrade:Dividends                       -43.92 USD

2017-06-18 * "Dividends on portfolio"
  Assets:US:ETrade:Cash                             43.92 USD
  Income:US:ETrade:Dividends                       -43.92 USD

2017-08-21 * "Buy shares of VEA"
  Assets:US:ETrade:Cash                          -1535.91 USD                          
  Assets:US:ETrade:VEA                                  8 VEA {190.87 USD, 2017-08-21}
  Expenses:Financial:Commissions                     8.95 USD                          

2017-08-21 * "Buy shares of VHT"
  Assets:US:ETrade:Cash                          -1466.55 USD                          
  Assets:US:ETrade:VHT                                  8 VHT {182.20 USD, 2017-08-21}
  Expenses:Financial:Commissions                     8.95 USD                          

2017-08-21 * "Buy shares of GLD"
  Assets:US:ETrade:Cash                          -1579.03 USD                         
  Assets:US:ETrade:GLD                                 16 GLD {98.13 USD, 2017-08-21}
  Expenses:Financial:Commissions                     8.95 USD                         

2017-09-18 * "Dividends on portfolio"
  Assets:US:ETrade:Cash                             62.14 USD
  Income:US:ETrade:Dividends                       -62.14 USD

2017-10-30 * "Buy shares of VHT"
  Assets:US:ETrade:Cash                          -2134.63 USD                          
  Assets:US:ETrade:VHT                                 12 VHT {177.14 USD, 2017-10-30}
  Expenses:Financial:Commissions                     8.95 USD                          

2017-10-30 * "Buy shares of VEA"
  Assets:US:ETrade:Cash                          -2190.03 USD                          
  Assets:US:ETrade:VEA                                 11 VEA {198.28 USD, 2017-10-30}
  Expenses:Financial:Commissions                     8.95 USD                          

2017-12-17 * "Dividends on portfolio"
  Assets:US:ETrade:Cash                             79.37 USD
  Income:US:ETrade:Dividends                       -79.37 USD

2017-12-22 * "Buy shares of VHT"
  Assets:US:ETrade:Cash                          -1964.53 USD                          
  Assets:US:ETrade:VHT                                 11 VHT {177.78 USD, 2017-12-22}
  Expenses:Financial:Commissions                     8.95 USD                          

2017-12-22 * "Buy shares of VEA"
  Assets:US:ETrade:Cash                          -1882.05 USD                          
  Assets:US:ETrade:VEA                                 10 VEA {187.31 USD, 2017-12-22}
  Expenses:Financial:Commissions                     8.95 USD                          

2018-02-26 * "Buy shares of VHT"
  Assets:US:ETrade:Cash                          -1079.05 USD                          
  Assets:US:ETrade:VHT                                  6 VHT {178.35 USD, 2018-02-26}
  Expenses:Financial:Commissions                     8.95 USD                          

2018-02-26 * "Buy shares of VEA"
  Assets:US:ETrade:Cash                          -1156.15 USD                          
  Assets:US:ETrade:VEA                                  6 VEA {191.20 USD, 2018-02-26}
  Expenses:Financial:Commissions                     8.95 USD                          

2018-02-26 * "Buy shares of ITOT"
  Assets:US:ETrade:Cash                          -1094.80 USD                          
  Assets:US:ETrade:ITOT                                 9 ITOT {120.65 USD, 2018-02-26}
  Expenses:Financial:Commissions                     8.95 USD                          



* Vanguard Investments

2016-01-01 open Assets:US:Vanguard:VBMPX                     VBMPX
  number: "882882"
2016-01-01 open Assets:US:Vanguard:RGAGX                     RGAGX
  number: "882882"
2016-01-01 open Assets:US:Vanguard                            USD
  address: "P.O. Box 1110, Valley Forge, PA 19482-1110"
  institution: "Vanguard Group"
  phone: "+1.800.523.1188"
2016-01-01 open Income:US:BayBook:Match401k                   USD
2016-01-01 open Assets:US:Vanguard:Cash                       USD
  number: "882882"

2016-01-08 * "Employer match for contribution"
  Assets:US:Vanguard:Cash                          600.00 USD
  Income:US:BayBook:Match401k                     -600.00 USD

2016-01-11 * "Investing 40% of cash in VBMPX"
  Assets:US:Vanguard:VBMPX                          4.907 VBMPX {97.81 USD, 2016-01-11}
  Assets:US:Vanguard:Cash                         -479.95 USD                           

2016-01-11 * "Investing 60% of cash in RGAGX"
  Assets:US:Vanguard:RGAGX                         24.357 RGAGX {29.56 USD, 2016-01-11}
  Assets:US:Vanguard:Cash                         -719.99 USD                           

2016-01-11 * "Investing 40% of cash in VBMPX"
  Assets:US:Vanguard:VBMPX                          2.454 VBMPX {97.81 USD, 2016-01-11}
  Assets:US:Vanguard:Cash                         -240.03 USD                           

2016-01-11 * "Investing 60% of cash in RGAGX"
  Assets:US:Vanguard:RGAGX                         12.180 RGAGX {29.56 USD, 2016-01-11}
  Assets:US:Vanguard:Cash                         -360.04 USD                           

2016-01-22 * "Employer match for contribution"
  Assets:US:Vanguard:Cash                          600.00 USD
  Income:US:BayBook:Match401k                     -600.00 USD

2016-01-25 * "Investing 40% of cash in VBMPX"
  Assets:US:Vanguard:VBMPX                          4.943 VBMPX {97.11 USD, 2016-01-25}
  Assets:US:Vanguard:Cash                         -480.01 USD                           

2016-01-25 * "Investing 60% of cash in RGAGX"
  Assets:US:Vanguard:RGAGX                         24.531 RGAGX {29.35 USD, 2016-01-25}
  Assets:US:Vanguard:Cash                         -719.98 USD                           

2016-01-25 * "Investing 40% of cash in VBMPX"
  Assets:US:Vanguard:VBMPX                          2.471 VBMPX {97.11 USD, 2016-01-25}
  Assets:US:Vanguard:Cash                         -239.96 USD                           

2016-01-25 * "Investing 60% of cash in RGAGX"
  Assets:US:Vanguard:RGAGX                         12.266 RGAGX {29.35 USD, 2016-01-25}
  Assets:US:Vanguard:Cash                         -360.01 USD                           

2016-02-05 * "Employer match for contribution"
  Assets:US:Vanguard:Cash                          600.00 USD
  Income:US:BayBook:Match401k                     -600.00 USD

2016-02-08 * "Investing 40% of cash in VBMPX"
  Assets:US:Vanguard:VBMPX                          4.871 VBMPX {98.55 USD, 2016-02-08}
  Assets:US:Vanguard:Cash                         -480.04 USD                           

2016-02-08 * "Investing 60% of cash in RGAGX"
  Assets:US:Vanguard:RGAGX                         24.033 RGAGX {29.96 USD, 2016-02-08}
  Assets:US:Vanguard:Cash                         -720.03 USD                           

2016-02-08 * "Investing 40% of cash in VBMPX"
  Assets:US:Vanguard:VBMPX                          2.435 VBMPX {98.55 USD, 2016-02-08}
  Assets:US:Vanguard:Cash                         -239.97 USD                           

2016-02-08 * "Investing 60% of cash in RGAGX"
  Assets:US:Vanguard:RGAGX                         12.015 RGAGX {29.96 USD, 2016-02-08}
  Assets:US:Vanguard:Cash                         -359.97 USD                           

2016-02-19 * "Employer match for contribution"
  Assets:US:Vanguard:Cash                          600.00 USD
  Income:US:BayBook:Match401k                     -600.00 USD

2016-02-22 * "Investing 40% of cash in VBMPX"
  Assets:US:Vanguard:VBMPX                          4.765 VBMPX {100.74 USD, 2016-02-22}
  Assets:US:Vanguard:Cash                         -480.03 USD                            

2016-02-22 * "Investing 60% of cash in RGAGX"
  Assets:US:Vanguard:RGAGX                         23.316 RGAGX {30.88 USD, 2016-02-22}
  Assets:US:Vanguard:Cash                         -720.00 USD                           

2016-02-22 * "Investing 40% of cash in VBMPX"
  Assets:US:Vanguard:VBMPX                          2.382 VBMPX {100.74 USD, 2016-02-22}
  Assets:US:Vanguard:Cash                         -239.96 USD                            

2016-02-22 * "Investing 60% of cash in RGAGX"
  Assets:US:Vanguard:RGAGX                         11.658 RGAGX {30.88 USD, 2016-02-22}
  Assets:US:Vanguard:Cash                         -360.00 USD                           

2016-03-04 * "Employer match for contribution"
  Assets:US:Vanguard:Cash                          600.00 USD
  Income:US:BayBook:Match401k                     -600.00 USD

2016-03-07 * "Investing 40% of cash in VBMPX"
  Assets:US:Vanguard:VBMPX                          4.760 VBMPX {100.84 USD, 2016-03-07}
  Assets:US:Vanguard:Cash                         -480.00 USD                            

2016-03-07 * "Investing 60% of cash in RGAGX"
  Assets:US:Vanguard:RGAGX                         22.706 RGAGX {31.71 USD, 2016-03-07}
  Assets:US:Vanguard:Cash                         -720.01 USD                           

2016-03-07 * "Investing 40% of cash in VBMPX"
  Assets:US:Vanguard:VBMPX                          2.380 VBMPX {100.84 USD, 2016-03-07}
  Assets:US:Vanguard:Cash                         -240.00 USD                            

2016-03-07 * "Investing 60% of cash in RGAGX"
  Assets:US:Vanguard:RGAGX                         11.353 RGAGX {31.71 USD, 2016-03-07}
  Assets:US:Vanguard:Cash                         -360.00 USD                           

2016-03-18 * "Employer match for contribution"
  Assets:US:Vanguard:Cash                          600.00 USD
  Income:US:BayBook:Match401k                     -600.00 USD

2016-03-21 * "Investing 40% of cash in VBMPX"
  Assets:US:Vanguard:VBMPX                          4.749 VBMPX {101.08 USD, 2016-03-21}
  Assets:US:Vanguard:Cash                         -480.03 USD                            

2016-03-21 * "Investing 60% of cash in RGAGX"
  Assets:US:Vanguard:RGAGX                         23.430 RGAGX {30.73 USD, 2016-03-21}
  Assets:US:Vanguard:Cash                         -720.00 USD                           

2016-03-21 * "Investing 40% of cash in VBMPX"
  Assets:US:Vanguard:VBMPX                          2.374 VBMPX {101.08 USD, 2016-03-21}
  Assets:US:Vanguard:Cash                         -239.96 USD                            

2016-03-21 * "Investing 60% of cash in RGAGX"
  Assets:US:Vanguard:RGAGX                         11.715 RGAGX {30.73 USD, 2016-03-21}
  Assets:US:Vanguard:Cash                         -360.00 USD                           

2016-04-01 * "Employer match for contribution"
  Assets:US:Vanguard:Cash                          600.00 USD
  Income:US:BayBook:Match401k                     -600.00 USD

2016-04-04 * "Investing 40% of cash in VBMPX"
  Assets:US:Vanguard:VBMPX                          4.790 VBMPX {100.22 USD, 2016-04-04}
  Assets:US:Vanguard:Cash                         -480.05 USD                            

2016-04-04 * "Investing 60% of cash in RGAGX"
  Assets:US:Vanguard:RGAGX                         22.960 RGAGX {31.36 USD, 2016-04-04}
  Assets:US:Vanguard:Cash                         -720.03 USD                           

2016-04-04 * "Investing 40% of cash in VBMPX"
  Assets:US:Vanguard:VBMPX                          2.395 VBMPX {100.22 USD, 2016-04-04}
  Assets:US:Vanguard:Cash                         -240.03 USD                            

2016-04-04 * "Investing 60% of cash in RGAGX"
  Assets:US:Vanguard:RGAGX                         11.479 RGAGX {31.36 USD, 2016-04-04}
  Assets:US:Vanguard:Cash                         -359.98 USD                           

2016-04-15 * "Employer match for contribution"
  Assets:US:Vanguard:Cash                          600.00 USD
  Income:US:BayBook:Match401k                     -600.00 USD

2016-04-18 * "Investing 40% of cash in VBMPX"
  Assets:US:Vanguard:VBMPX                          4.807 VBMPX {99.84 USD, 2016-04-18}
  Assets:US:Vanguard:Cash                         -479.93 USD                           

2016-04-18 * "Investing 60% of cash in RGAGX"
  Assets:US:Vanguard:RGAGX                         23.761 RGAGX {30.30 USD, 2016-04-18}
  Assets:US:Vanguard:Cash                         -719.96 USD                           

2016-04-18 * "Investing 40% of cash in VBMPX"
  Assets:US:Vanguard:VBMPX                          2.404 VBMPX {99.84 USD, 2016-04-18}
  Assets:US:Vanguard:Cash                         -240.02 USD                           

2016-04-18 * "Investing 60% of cash in RGAGX"
  Assets:US:Vanguard:RGAGX                         11.882 RGAGX {30.30 USD, 2016-04-18}
  Assets:US:Vanguard:Cash                         -360.02 USD                           

2016-04-29 * "Employer match for contribution"
  Assets:US:Vanguard:Cash                          600.00 USD
  Income:US:BayBook:Match401k                     -600.00 USD

2016-05-02 * "Investing 40% of cash in VBMPX"
  Assets:US:Vanguard:VBMPX                          4.713 VBMPX {101.84 USD, 2016-05-02}
  Assets:US:Vanguard:Cash                         -479.97 USD                            

2016-05-02 * "Investing 60% of cash in RGAGX"
  Assets:US:Vanguard:RGAGX                         22.742 RGAGX {31.66 USD, 2016-05-02}
  Assets:US:Vanguard:Cash                         -720.01 USD                           

2016-05-02 * "Investing 40% of cash in VBMPX"
  Assets:US:Vanguard:VBMPX                          2.357 VBMPX {101.84 USD, 2016-05-02}
  Assets:US:Vanguard:Cash                         -240.04 USD                            

2016-05-02 * "Investing 60% of cash in RGAGX"
  Assets:US:Vanguard:RGAGX                         11.371 RGAGX {31.66 USD, 2016-05-02}
  Assets:US:Vanguard:Cash                         -360.01 USD                           

2016-05-13 * "Employer match for contribution"
  Assets:US:Vanguard:Cash                          600.00 USD
  Income:US:BayBook:Match401k                     -600.00 USD

2016-05-16 * "Investing 40% of cash in VBMPX"
  Assets:US:Vanguard:VBMPX                          4.706 VBMPX {101.99 USD, 2016-05-16}
  Assets:US:Vanguard:Cash                         -479.96 USD                            

2016-05-16 * "Investing 60% of cash in RGAGX"
  Assets:US:Vanguard:RGAGX                         22.339 RGAGX {32.23 USD, 2016-05-16}
  Assets:US:Vanguard:Cash                         -719.99 USD                           

2016-05-16 * "Investing 40% of cash in VBMPX"
  Assets:US:Vanguard:VBMPX                          2.353 VBMPX {101.99 USD, 2016-05-16}
  Assets:US:Vanguard:Cash                         -239.98 USD                            

2016-05-16 * "Investing 60% of cash in RGAGX"
  Assets:US:Vanguard:RGAGX                         11.170 RGAGX {32.23 USD, 2016-05-16}
  Assets:US:Vanguard:Cash                         -360.01 USD                           

2016-05-27 * "Employer match for contribution"
  Assets:US:Vanguard:Cash                          600.00 USD
  Income:US:BayBook:Match401k                     -600.00 USD

2016-05-30 * "Investing 40% of cash in VBMPX"
  Assets:US:Vanguard:VBMPX                          4.737 VBMPX {101.33 USD, 2016-05-30}
  Assets:US:Vanguard:Cash                         -480.00 USD                            

2016-05-30 * "Investing 60% of cash in RGAGX"
  Assets:US:Vanguard:RGAGX                         21.919 RGAGX {32.85 USD, 2016-05-30}
  Assets:US:Vanguard:Cash                         -720.04 USD                           

2016-05-30 * "Investing 40% of cash in VBMPX"
  Assets:US:Vanguard:VBMPX                          2.368 VBMPX {101.33 USD, 2016-05-30}
  Assets:US:Vanguard:Cash                         -239.95 USD                            

2016-05-30 * "Investing 60% of cash in RGAGX"
  Assets:US:Vanguard:RGAGX                         10.959 RGAGX {32.85 USD, 2016-05-30}
  Assets:US:Vanguard:Cash                         -360.00 USD                           

2016-06-10 * "Employer match for contribution"
  Assets:US:Vanguard:Cash                          600.00 USD
  Income:US:BayBook:Match401k                     -600.00 USD

2016-06-13 * "Investing 40% of cash in VBMPX"
  Assets:US:Vanguard:VBMPX                          4.818 VBMPX {99.64 USD, 2016-06-13}
  Assets:US:Vanguard:Cash                         -480.07 USD                           

2016-06-13 * "Investing 60% of cash in RGAGX"
  Assets:US:Vanguard:RGAGX                         22.013 RGAGX {32.71 USD, 2016-06-13}
  Assets:US:Vanguard:Cash                         -720.05 USD                           

2016-06-13 * "Investing 40% of cash in VBMPX"
  Assets:US:Vanguard:VBMPX                          2.408 VBMPX {99.64 USD, 2016-06-13}
  Assets:US:Vanguard:Cash                         -239.93 USD                           

2016-06-13 * "Investing 60% of cash in RGAGX"
  Assets:US:Vanguard:RGAGX                         11.005 RGAGX {32.71 USD, 2016-06-13}
  Assets:US:Vanguard:Cash                         -359.97 USD                           

2016-06-24 * "Employer match for contribution"
  Assets:US:Vanguard:Cash                          600.00 USD
  Income:US:BayBook:Match401k                     -600.00 USD

2016-06-27 * "Investing 40% of cash in VBMPX"
  Assets:US:Vanguard:VBMPX                          4.842 VBMPX {99.14 USD, 2016-06-27}
  Assets:US:Vanguard:Cash                         -480.04 USD                           

2016-06-27 * "Investing 60% of cash in RGAGX"
  Assets:US:Vanguard:RGAGX                         22.749 RGAGX {31.65 USD, 2016-06-27}
  Assets:US:Vanguard:Cash                         -720.01 USD                           

2016-06-27 * "Investing 40% of cash in VBMPX"
  Assets:US:Vanguard:VBMPX                          2.421 VBMPX {99.14 USD, 2016-06-27}
  Assets:US:Vanguard:Cash                         -240.02 USD                           

2016-06-27 * "Investing 60% of cash in RGAGX"
  Assets:US:Vanguard:RGAGX                         11.374 RGAGX {31.65 USD, 2016-06-27}
  Assets:US:Vanguard:Cash                         -359.99 USD                           

2016-07-08 * "Employer match for contribution"
  Assets:US:Vanguard:Cash                          600.00 USD
  Income:US:BayBook:Match401k                     -600.00 USD

2016-07-11 * "Investing 40% of cash in VBMPX"
  Assets:US:Vanguard:VBMPX                          4.738 VBMPX {101.30 USD, 2016-07-11}
  Assets:US:Vanguard:Cash                         -479.96 USD                            

2016-07-11 * "Investing 60% of cash in RGAGX"
  Assets:US:Vanguard:RGAGX                         21.877 RGAGX {32.91 USD, 2016-07-11}
  Assets:US:Vanguard:Cash                         -719.97 USD                           

2016-07-11 * "Investing 40% of cash in VBMPX"
  Assets:US:Vanguard:VBMPX                          2.369 VBMPX {101.30 USD, 2016-07-11}
  Assets:US:Vanguard:Cash                         -239.98 USD                            

2016-07-11 * "Investing 60% of cash in RGAGX"
  Assets:US:Vanguard:RGAGX                         10.940 RGAGX {32.91 USD, 2016-07-11}
  Assets:US:Vanguard:Cash                         -360.04 USD                           

2016-07-22 * "Employer match for contribution"
  Assets:US:Vanguard:Cash                          600.00 USD
  Income:US:BayBook:Match401k                     -600.00 USD

2016-07-25 * "Investing 40% of cash in VBMPX"
  Assets:US:Vanguard:VBMPX                          4.734 VBMPX {101.40 USD, 2016-07-25}
  Assets:US:Vanguard:Cash                         -480.03 USD                            

2016-07-25 * "Investing 60% of cash in RGAGX"
  Assets:US:Vanguard:RGAGX                         21.759 RGAGX {33.09 USD, 2016-07-25}
  Assets:US:Vanguard:Cash                         -720.01 USD                           

2016-07-25 * "Investing 40% of cash in VBMPX"
  Assets:US:Vanguard:VBMPX                          2.367 VBMPX {101.40 USD, 2016-07-25}
  Assets:US:Vanguard:Cash                         -240.01 USD                            

2016-07-25 * "Investing 60% of cash in RGAGX"
  Assets:US:Vanguard:RGAGX                         10.879 RGAGX {33.09 USD, 2016-07-25}
  Assets:US:Vanguard:Cash                         -359.99 USD                           

2017-01-06 * "Employer match for contribution"
  Assets:US:Vanguard:Cash                          600.00 USD
  Income:US:BayBook:Match401k                     -600.00 USD

2017-01-09 * "Investing 40% of cash in VBMPX"
  Assets:US:Vanguard:VBMPX                          4.741 VBMPX {101.24 USD, 2017-01-09}
  Assets:US:Vanguard:Cash                         -479.98 USD                            

2017-01-09 * "Investing 60% of cash in RGAGX"
  Assets:US:Vanguard:RGAGX                         21.133 RGAGX {34.07 USD, 2017-01-09}
  Assets:US:Vanguard:Cash                         -720.00 USD                           

2017-01-09 * "Investing 40% of cash in VBMPX"
  Assets:US:Vanguard:VBMPX                          2.371 VBMPX {101.24 USD, 2017-01-09}
  Assets:US:Vanguard:Cash                         -240.04 USD                            

2017-01-09 * "Investing 60% of cash in RGAGX"
  Assets:US:Vanguard:RGAGX                         10.566 RGAGX {34.07 USD, 2017-01-09}
  Assets:US:Vanguard:Cash                         -359.98 USD                           

2017-01-20 * "Employer match for contribution"
  Assets:US:Vanguard:Cash                          600.00 USD
  Income:US:BayBook:Match401k                     -600.00 USD

2017-01-23 * "Investing 40% of cash in VBMPX"
  Assets:US:Vanguard:VBMPX                          4.685 VBMPX {102.46 USD, 2017-01-23}
  Assets:US:Vanguard:Cash                         -480.03 USD                            

2017-01-23 * "Investing 60% of cash in RGAGX"
  Assets:US:Vanguard:RGAGX                         20.677 RGAGX {34.82 USD, 2017-01-23}
  Assets:US:Vanguard:Cash                         -719.97 USD                           

2017-01-23 * "Investing 40% of cash in VBMPX"
  Assets:US:Vanguard:VBMPX                          2.342 VBMPX {102.46 USD, 2017-01-23}
  Assets:US:Vanguard:Cash                         -239.96 USD                            

2017-01-23 * "Investing 60% of cash in RGAGX"
  Assets:US:Vanguard:RGAGX                         10.339 RGAGX {34.82 USD, 2017-01-23}
  Assets:US:Vanguard:Cash                         -360.00 USD                           

2017-02-03 * "Employer match for contribution"
  Assets:US:Vanguard:Cash                          600.00 USD
  Income:US:BayBook:Match401k                     -600.00 USD

2017-02-06 * "Investing 40% of cash in VBMPX"
  Assets:US:Vanguard:VBMPX                          4.865 VBMPX {98.66 USD, 2017-02-06}
  Assets:US:Vanguard:Cash                         -479.98 USD                           

2017-02-06 * "Investing 60% of cash in RGAGX"
  Assets:US:Vanguard:RGAGX                         21.315 RGAGX {33.78 USD, 2017-02-06}
  Assets:US:Vanguard:Cash                         -720.02 USD                           

2017-02-06 * "Investing 40% of cash in VBMPX"
  Assets:US:Vanguard:VBMPX                          2.433 VBMPX {98.66 USD, 2017-02-06}
  Assets:US:Vanguard:Cash                         -240.04 USD                           

2017-02-06 * "Investing 60% of cash in RGAGX"
  Assets:US:Vanguard:RGAGX                         10.658 RGAGX {33.78 USD, 2017-02-06}
  Assets:US:Vanguard:Cash                         -360.03 USD                           

2017-02-17 * "Employer match for contribution"
  Assets:US:Vanguard:Cash                          600.00 USD
  Income:US:BayBook:Match401k                     -600.00 USD

2017-02-20 * "Investing 40% of cash in VBMPX"
  Assets:US:Vanguard:VBMPX                          4.866 VBMPX {98.63 USD, 2017-02-20}
  Assets:US:Vanguard:Cash                         -479.93 USD                           

2017-02-20 * "Investing 60% of cash in RGAGX"
  Assets:US:Vanguard:RGAGX                         21.176 RGAGX {34.00 USD, 2017-02-20}
  Assets:US:Vanguard:Cash                         -719.98 USD                           

2017-02-20 * "Investing 40% of cash in VBMPX"
  Assets:US:Vanguard:VBMPX                          2.433 VBMPX {98.63 USD, 2017-02-20}
  Assets:US:Vanguard:Cash                         -239.97 USD                           

2017-02-20 * "Investing 60% of cash in RGAGX"
  Assets:US:Vanguard:RGAGX                         10.589 RGAGX {34.00 USD, 2017-02-20}
  Assets:US:Vanguard:Cash                         -360.03 USD                           

2017-03-03 * "Employer match for contribution"
  Assets:US:Vanguard:Cash                          600.00 USD
  Income:US:BayBook:Match401k                     -600.00 USD

2017-03-06 * "Investing 40% of cash in VBMPX"
  Assets:US:Vanguard:VBMPX                          4.963 VBMPX {96.71 USD, 2017-03-06}
  Assets:US:Vanguard:Cash                         -479.97 USD                           

2017-03-06 * "Investing 60% of cash in RGAGX"
  Assets:US:Vanguard:RGAGX                         21.010 RGAGX {34.27 USD, 2017-03-06}
  Assets:US:Vanguard:Cash                         -720.01 USD                           

2017-03-06 * "Investing 40% of cash in VBMPX"
  Assets:US:Vanguard:VBMPX                          2.482 VBMPX {96.71 USD, 2017-03-06}
  Assets:US:Vanguard:Cash                         -240.03 USD                           

2017-03-06 * "Investing 60% of cash in RGAGX"
  Assets:US:Vanguard:RGAGX                         10.506 RGAGX {34.27 USD, 2017-03-06}
  Assets:US:Vanguard:Cash                         -360.04 USD                           

2017-03-17 * "Employer match for contribution"
  Assets:US:Vanguard:Cash                          600.00 USD
  Income:US:BayBook:Match401k                     -600.00 USD

2017-03-20 * "Investing 40% of cash in VBMPX"
  Assets:US:Vanguard:VBMPX                          4.977 VBMPX {96.44 USD, 2017-03-20}
  Assets:US:Vanguard:Cash                         -479.98 USD                           

2017-03-20 * "Investing 60% of cash in RGAGX"
  Assets:US:Vanguard:RGAGX                         21.448 RGAGX {33.57 USD, 2017-03-20}
  Assets:US:Vanguard:Cash                         -720.01 USD                           

2017-03-20 * "Investing 40% of cash in VBMPX"
  Assets:US:Vanguard:VBMPX                          2.489 VBMPX {96.44 USD, 2017-03-20}
  Assets:US:Vanguard:Cash                         -240.04 USD                           

2017-03-20 * "Investing 60% of cash in RGAGX"
  Assets:US:Vanguard:RGAGX                         10.724 RGAGX {33.57 USD, 2017-03-20}
  Assets:US:Vanguard:Cash                         -360.00 USD                           

2017-03-31 * "Employer match for contribution"
  Assets:US:Vanguard:Cash                          600.00 USD
  Income:US:BayBook:Match401k                     -600.00 USD

2017-04-03 * "Investing 40% of cash in VBMPX"
  Assets:US:Vanguard:VBMPX                          4.897 VBMPX {98.01 USD, 2017-04-03}
  Assets:US:Vanguard:Cash                         -479.95 USD                           

2017-04-03 * "Investing 60% of cash in RGAGX"
  Assets:US:Vanguard:RGAGX                         21.421 RGAGX {33.61 USD, 2017-04-03}
  Assets:US:Vanguard:Cash                         -719.96 USD                           

2017-04-03 * "Investing 40% of cash in VBMPX"
  Assets:US:Vanguard:VBMPX                          2.449 VBMPX {98.01 USD, 2017-04-03}
  Assets:US:Vanguard:Cash                         -240.03 USD                           

2017-04-03 * "Investing 60% of cash in RGAGX"
  Assets:US:Vanguard:RGAGX                         10.712 RGAGX {33.61 USD, 2017-04-03}
  Assets:US:Vanguard:Cash                         -360.03 USD                           

2017-04-14 * "Employer match for contribution"
  Assets:US:Vanguard:Cash                          600.00 USD
  Income:US:BayBook:Match401k                     -600.00 USD

2017-04-17 * "Investing 40% of cash in VBMPX"
  Assets:US:Vanguard:VBMPX                          4.996 VBMPX {96.07 USD, 2017-04-17}
  Assets:US:Vanguard:Cash                         -479.97 USD                           

2017-04-17 * "Investing 60% of cash in RGAGX"
  Assets:US:Vanguard:RGAGX                         21.596 RGAGX {33.34 USD, 2017-04-17}
  Assets:US:Vanguard:Cash                         -720.01 USD                           

2017-04-17 * "Investing 40% of cash in VBMPX"
  Assets:US:Vanguard:VBMPX                          2.498 VBMPX {96.07 USD, 2017-04-17}
  Assets:US:Vanguard:Cash                         -239.98 USD                           

2017-04-17 * "Investing 60% of cash in RGAGX"
  Assets:US:Vanguard:RGAGX                         10.798 RGAGX {33.34 USD, 2017-04-17}
  Assets:US:Vanguard:Cash                         -360.01 USD                           

2017-04-28 * "Employer match for contribution"
  Assets:US:Vanguard:Cash                          600.00 USD
  Income:US:BayBook:Match401k                     -600.00 USD

2017-05-01 * "Investing 40% of cash in VBMPX"
  Assets:US:Vanguard:VBMPX                          5.095 VBMPX {94.21 USD, 2017-05-01}
  Assets:US:Vanguard:Cash                         -480.00 USD                           

2017-05-01 * "Investing 60% of cash in RGAGX"
  Assets:US:Vanguard:RGAGX                         22.305 RGAGX {32.28 USD, 2017-05-01}
  Assets:US:Vanguard:Cash                         -720.01 USD                           

2017-05-01 * "Investing 40% of cash in VBMPX"
  Assets:US:Vanguard:VBMPX                          2.548 VBMPX {94.21 USD, 2017-05-01}
  Assets:US:Vanguard:Cash                         -240.05 USD                           

2017-05-01 * "Investing 60% of cash in RGAGX"
  Assets:US:Vanguard:RGAGX                         11.153 RGAGX {32.28 USD, 2017-05-01}
  Assets:US:Vanguard:Cash                         -360.02 USD                           

2017-05-12 * "Employer match for contribution"
  Assets:US:Vanguard:Cash                          600.00 USD
  Income:US:BayBook:Match401k                     -600.00 USD

2017-05-15 * "Investing 40% of cash in VBMPX"
  Assets:US:Vanguard:VBMPX                          5.172 VBMPX {92.80 USD, 2017-05-15}
  Assets:US:Vanguard:Cash                         -479.96 USD                           

2017-05-15 * "Investing 60% of cash in RGAGX"
  Assets:US:Vanguard:RGAGX                         21.731 RGAGX {33.13 USD, 2017-05-15}
  Assets:US:Vanguard:Cash                         -719.95 USD                           

2017-05-15 * "Investing 40% of cash in VBMPX"
  Assets:US:Vanguard:VBMPX                          2.586 VBMPX {92.80 USD, 2017-05-15}
  Assets:US:Vanguard:Cash                         -239.98 USD                           

2017-05-15 * "Investing 60% of cash in RGAGX"
  Assets:US:Vanguard:RGAGX                         10.867 RGAGX {33.13 USD, 2017-05-15}
  Assets:US:Vanguard:Cash                         -360.02 USD                           

2017-05-26 * "Employer match for contribution"
  Assets:US:Vanguard:Cash                          600.00 USD
  Income:US:BayBook:Match401k                     -600.00 USD

2017-05-29 * "Investing 40% of cash in VBMPX"
  Assets:US:Vanguard:VBMPX                          5.081 VBMPX {94.47 USD, 2017-05-29}
  Assets:US:Vanguard:Cash                         -480.00 USD                           

2017-05-29 * "Investing 60% of cash in RGAGX"
  Assets:US:Vanguard:RGAGX                         21.938 RGAGX {32.82 USD, 2017-05-29}
  Assets:US:Vanguard:Cash                         -720.01 USD                           

2017-05-29 * "Investing 40% of cash in VBMPX"
  Assets:US:Vanguard:VBMPX                          2.541 VBMPX {94.47 USD, 2017-05-29}
  Assets:US:Vanguard:Cash                         -240.05 USD                           

2017-05-29 * "Investing 60% of cash in RGAGX"
  Assets:US:Vanguard:RGAGX                         10.969 RGAGX {32.82 USD, 2017-05-29}
  Assets:US:Vanguard:Cash                         -360.00 USD                           

2017-06-09 * "Employer match for contribution"
  Assets:US:Vanguard:Cash                          600.00 USD
  Income:US:BayBook:Match401k                     -600.00 USD

2017-06-12 * "Investing 40% of cash in VBMPX"
  Assets:US:Vanguard:VBMPX                          5.046 VBMPX {95.13 USD, 2017-06-12}
  Assets:US:Vanguard:Cash                         -480.03 USD                           

2017-06-12 * "Investing 60% of cash in RGAGX"
  Assets:US:Vanguard:RGAGX                         22.374 RGAGX {32.18 USD, 2017-06-12}
  Assets:US:Vanguard:Cash                         -720.00 USD                           

2017-06-12 * "Investing 40% of cash in VBMPX"
  Assets:US:Vanguard:VBMPX                          2.523 VBMPX {95.13 USD, 2017-06-12}
  Assets:US:Vanguard:Cash                         -240.01 USD                           

2017-06-12 * "Investing 60% of cash in RGAGX"
  Assets:US:Vanguard:RGAGX                         11.186 RGAGX {32.18 USD, 2017-06-12}
  Assets:US:Vanguard:Cash                         -359.97 USD                           

2017-06-23 * "Employer match for contribution"
  Assets:US:Vanguard:Cash                          600.00 USD
  Income:US:BayBook:Match401k                     -600.00 USD

2017-06-26 * "Investing 40% of cash in VBMPX"
  Assets:US:Vanguard:VBMPX                          5.031 VBMPX {95.40 USD, 2017-06-26}
  Assets:US:Vanguard:Cash                         -479.96 USD                           

2017-06-26 * "Investing 60% of cash in RGAGX"
  Assets:US:Vanguard:RGAGX                         22.907 RGAGX {31.43 USD, 2017-06-26}
  Assets:US:Vanguard:Cash                         -719.97 USD                           

2017-06-26 * "Investing 40% of cash in VBMPX"
  Assets:US:Vanguard:VBMPX                          2.516 VBMPX {95.40 USD, 2017-06-26}
  Assets:US:Vanguard:Cash                         -240.03 USD                           

2017-06-26 * "Investing 60% of cash in RGAGX"
  Assets:US:Vanguard:RGAGX                         11.455 RGAGX {31.43 USD, 2017-06-26}
  Assets:US:Vanguard:Cash                         -360.03 USD                           

2017-07-07 * "Employer match for contribution"
  Assets:US:Vanguard:Cash                          600.00 USD
  Income:US:BayBook:Match401k                     -600.00 USD

2017-07-10 * "Investing 40% of cash in VBMPX"
  Assets:US:Vanguard:VBMPX                          5.127 VBMPX {93.62 USD, 2017-07-10}
  Assets:US:Vanguard:Cash                         -479.99 USD                           

2017-07-10 * "Investing 60% of cash in RGAGX"
  Assets:US:Vanguard:RGAGX                         23.113 RGAGX {31.15 USD, 2017-07-10}
  Assets:US:Vanguard:Cash                         -719.97 USD                           

2017-07-10 * "Investing 40% of cash in VBMPX"
  Assets:US:Vanguard:VBMPX                          2.564 VBMPX {93.62 USD, 2017-07-10}
  Assets:US:Vanguard:Cash                         -240.04 USD                           

2017-07-10 * "Investing 60% of cash in RGAGX"
  Assets:US:Vanguard:RGAGX                         11.557 RGAGX {31.15 USD, 2017-07-10}
  Assets:US:Vanguard:Cash                         -360.00 USD                           

2017-07-21 * "Employer match for contribution"
  Assets:US:Vanguard:Cash                          600.00 USD
  Income:US:BayBook:Match401k                     -600.00 USD

2017-07-24 * "Investing 40% of cash in VBMPX"
  Assets:US:Vanguard:VBMPX                          5.085 VBMPX {94.40 USD, 2017-07-24}
  Assets:US:Vanguard:Cash                         -480.02 USD                           

2017-07-24 * "Investing 60% of cash in RGAGX"
  Assets:US:Vanguard:RGAGX                         24.489 RGAGX {29.40 USD, 2017-07-24}
  Assets:US:Vanguard:Cash                         -719.98 USD                           

2017-07-24 * "Investing 40% of cash in VBMPX"
  Assets:US:Vanguard:VBMPX                          2.542 VBMPX {94.40 USD, 2017-07-24}
  Assets:US:Vanguard:Cash                         -239.96 USD                           

2017-07-24 * "Investing 60% of cash in RGAGX"
  Assets:US:Vanguard:RGAGX                         12.244 RGAGX {29.40 USD, 2017-07-24}
  Assets:US:Vanguard:Cash                         -359.97 USD                           

2017-08-04 * "Employer match for contribution"
  Assets:US:Vanguard:Cash                          250.00 USD
  Income:US:BayBook:Match401k                     -250.00 USD

2017-08-07 * "Investing 40% of cash in VBMPX"
  Assets:US:Vanguard:VBMPX                          2.062 VBMPX {97.02 USD, 2017-08-07}
  Assets:US:Vanguard:Cash                         -200.06 USD                           

2017-08-07 * "Investing 60% of cash in RGAGX"
  Assets:US:Vanguard:RGAGX                         10.275 RGAGX {29.20 USD, 2017-08-07}
  Assets:US:Vanguard:Cash                         -300.03 USD                           

2017-08-07 * "Investing 40% of cash in VBMPX"
  Assets:US:Vanguard:VBMPX                          1.031 VBMPX {97.02 USD, 2017-08-07}
  Assets:US:Vanguard:Cash                         -100.03 USD                           

2017-08-07 * "Investing 60% of cash in RGAGX"
  Assets:US:Vanguard:RGAGX                          5.136 RGAGX {29.20 USD, 2017-08-07}
  Assets:US:Vanguard:Cash                         -149.97 USD                           

2018-01-05 * "Employer match for contribution"
  Assets:US:Vanguard:Cash                          600.00 USD
  Income:US:BayBook:Match401k                     -600.00 USD

2018-01-08 * "Investing 40% of cash in VBMPX"
  Assets:US:Vanguard:VBMPX                          4.919 VBMPX {97.58 USD, 2018-01-08}
  Assets:US:Vanguard:Cash                         -480.00 USD                           

2018-01-08 * "Investing 60% of cash in RGAGX"
  Assets:US:Vanguard:RGAGX                         24.315 RGAGX {29.61 USD, 2018-01-08}
  Assets:US:Vanguard:Cash                         -719.97 USD                           

2018-01-08 * "Investing 40% of cash in VBMPX"
  Assets:US:Vanguard:VBMPX                          2.459 VBMPX {97.58 USD, 2018-01-08}
  Assets:US:Vanguard:Cash                         -239.95 USD                           

2018-01-08 * "Investing 60% of cash in RGAGX"
  Assets:US:Vanguard:RGAGX                         12.158 RGAGX {29.61 USD, 2018-01-08}
  Assets:US:Vanguard:Cash                         -360.00 USD                           

2018-01-19 * "Employer match for contribution"
  Assets:US:Vanguard:Cash                          600.00 USD
  Income:US:BayBook:Match401k                     -600.00 USD

2018-01-22 * "Investing 40% of cash in VBMPX"
  Assets:US:Vanguard:VBMPX                          4.982 VBMPX {96.35 USD, 2018-01-22}
  Assets:US:Vanguard:Cash                         -480.02 USD                           

2018-01-22 * "Investing 60% of cash in RGAGX"
  Assets:US:Vanguard:RGAGX                         25.282 RGAGX {28.48 USD, 2018-01-22}
  Assets:US:Vanguard:Cash                         -720.03 USD                           

2018-01-22 * "Investing 40% of cash in VBMPX"
  Assets:US:Vanguard:VBMPX                          2.491 VBMPX {96.35 USD, 2018-01-22}
  Assets:US:Vanguard:Cash                         -240.01 USD                           

2018-01-22 * "Investing 60% of cash in RGAGX"
  Assets:US:Vanguard:RGAGX                         12.640 RGAGX {28.48 USD, 2018-01-22}
  Assets:US:Vanguard:Cash                         -359.99 USD                           

2018-02-02 * "Employer match for contribution"
  Assets:US:Vanguard:Cash                          600.00 USD
  Income:US:BayBook:Match401k                     -600.00 USD

2018-02-05 * "Investing 40% of cash in VBMPX"
  Assets:US:Vanguard:VBMPX                          4.984 VBMPX {96.30 USD, 2018-02-05}
  Assets:US:Vanguard:Cash                         -479.96 USD                           

2018-02-05 * "Investing 60% of cash in RGAGX"
  Assets:US:Vanguard:RGAGX                         25.289 RGAGX {28.47 USD, 2018-02-05}
  Assets:US:Vanguard:Cash                         -719.98 USD                           

2018-02-05 * "Investing 40% of cash in VBMPX"
  Assets:US:Vanguard:VBMPX                          2.492 VBMPX {96.30 USD, 2018-02-05}
  Assets:US:Vanguard:Cash                         -239.98 USD                           

2018-02-05 * "Investing 60% of cash in RGAGX"
  Assets:US:Vanguard:RGAGX                         12.646 RGAGX {28.47 USD, 2018-02-05}
  Assets:US:Vanguard:Cash                         -360.03 USD                           

2018-02-16 * "Employer match for contribution"
  Assets:US:Vanguard:Cash                          600.00 USD
  Income:US:BayBook:Match401k                     -600.00 USD

2018-02-19 * "Investing 40% of cash in VBMPX"
  Assets:US:Vanguard:VBMPX                          5.064 VBMPX {94.79 USD, 2018-02-19}
  Assets:US:Vanguard:Cash                         -480.02 USD                           

2018-02-19 * "Investing 60% of cash in RGAGX"
  Assets:US:Vanguard:RGAGX                         25.371 RGAGX {28.38 USD, 2018-02-19}
  Assets:US:Vanguard:Cash                         -720.03 USD                           

2018-02-19 * "Investing 40% of cash in VBMPX"
  Assets:US:Vanguard:VBMPX                          2.532 VBMPX {94.79 USD, 2018-02-19}
  Assets:US:Vanguard:Cash                         -240.01 USD                           

2018-02-19 * "Investing 60% of cash in RGAGX"
  Assets:US:Vanguard:RGAGX                         12.685 RGAGX {28.38 USD, 2018-02-19}
  Assets:US:Vanguard:Cash                         -360.00 USD                           



* Sources of Income

2016-01-01 open Income:US:BayBook:Salary                      USD
2016-01-01 open Income:US:BayBook:GroupTermLife               USD
2016-01-01 open Income:US:BayBook:Vacation                    VACHR
2016-01-01 open Assets:US:BayBook:Vacation                    VACHR
2016-01-01 open Expenses:Vacation                               VACHR
2016-01-01 open Expenses:Health:Life:GroupTermLife
2016-01-01 open Expenses:Health:Medical:Insurance
2016-01-01 open Expenses:Health:Dental:Insurance
2016-01-01 open Expenses:Health:Vision:Insurance

2016-01-01 event "employer" "BayBook, 1501 Billow Rd, Benlo Park, CA"

2016-01-07 * "BayBook" "Payroll"
  Assets:US:BofA:Checking                         1350.60 USD   
  Assets:US:Vanguard:Cash                         1200.00 USD   
  Income:US:BayBook:Salary                       -4615.38 USD   
  Income:US:BayBook:GroupTermLife                  -24.32 USD   
  Expenses:Health:Life:GroupTermLife                24.32 USD   
  Expenses:Health:Dental:Insurance                   2.90 USD   
  Expenses:Health:Medical:Insurance                 27.38 USD   
  Expenses:Health:Vision:Insurance                  42.30 USD   
  Expenses:Taxes:Y2016:US:Medicare                 106.62 USD   
  Expenses:Taxes:Y2016:US:Federal                 1062.92 USD   
  Expenses:Taxes:Y2016:US:State                    365.08 USD   
  Expenses:Taxes:Y2016:US:CityNYC                  174.92 USD   
  Expenses:Taxes:Y2016:US:SDI                        1.12 USD   
  Expenses:Taxes:Y2016:US:SocSec                   281.54 USD   
  Assets:US:Federal:PreTax401k                   -1200.00 IRAUSD
  Expenses:Taxes:Y2016:US:Federal:PreTax401k      1200.00 IRAUSD
  Assets:US:BayBook:Vacation                            5 VACHR 
  Income:US:BayBook:Vacation                           -5 VACHR 

2016-01-21 * "BayBook" "Payroll"
  Assets:US:BofA:Checking                         1350.60 USD   
  Assets:US:Vanguard:Cash                         1200.00 USD   
  Income:US:BayBook:Salary                       -4615.38 USD   
  Income:US:BayBook:GroupTermLife                  -24.32 USD   
  Expenses:Health:Life:GroupTermLife                24.32 USD   
  Expenses:Health:Dental:Insurance                   2.90 USD   
  Expenses:Health:Medical:Insurance                 27.38 USD   
  Expenses:Health:Vision:Insurance                  42.30 USD   
  Expenses:Taxes:Y2016:US:Medicare                 106.62 USD   
  Expenses:Taxes:Y2016:US:Federal                 1062.92 USD   
  Expenses:Taxes:Y2016:US:State                    365.08 USD   
  Expenses:Taxes:Y2016:US:CityNYC                  174.92 USD   
  Expenses:Taxes:Y2016:US:SDI                        1.12 USD   
  Expenses:Taxes:Y2016:US:SocSec                   281.54 USD   
  Assets:US:Federal:PreTax401k                   -1200.00 IRAUSD
  Expenses:Taxes:Y2016:US:Federal:PreTax401k      1200.00 IRAUSD
  Assets:US:BayBook:Vacation                            5 VACHR 
  Income:US:BayBook:Vacation                           -5 VACHR 

2016-02-04 * "BayBook" "Payroll"
  Assets:US:BofA:Checking                         1350.60 USD   
  Assets:US:Vanguard:Cash                         1200.00 USD   
  Income:US:BayBook:Salary                       -4615.38 USD   
  Income:US:BayBook:GroupTermLife                  -24.32 USD   
  Expenses:Health:Life:GroupTermLife                24.32 USD   
  Expenses:Health:Dental:Insurance                   2.90 USD   
  Expenses:Health:Medical:Insurance                 27.38 USD   
  Expenses:Health:Vision:Insurance                  42.30 USD   
  Expenses:Taxes:Y2016:US:Medicare                 106.62 USD   
  Expenses:Taxes:Y2016:US:Federal                 1062.92 USD   
  Expenses:Taxes:Y2016:US:State                    365.08 USD   
  Expenses:Taxes:Y2016:US:CityNYC                  174.92 USD   
  Expenses:Taxes:Y2016:US:SDI                        1.12 USD   
  Expenses:Taxes:Y2016:US:SocSec                   281.54 USD   
  Assets:US:Federal:PreTax401k                   -1200.00 IRAUSD
  Expenses:Taxes:Y2016:US:Federal:PreTax401k      1200.00 IRAUSD
  Assets:US:BayBook:Vacation                            5 VACHR 
  Income:US:BayBook:Vacation                           -5 VACHR 

2016-02-18 * "BayBook" "Payroll"
  Assets:US:BofA:Checking                         1350.60 USD   
  Assets:US:Vanguard:Cash                         1200.00 USD   
  Income:US:BayBook:Salary                       -4615.38 USD   
  Income:US:BayBook:GroupTermLife                  -24.32 USD   
  Expenses:Health:Life:GroupTermLife                24.32 USD   
  Expenses:Health:Dental:Insurance                   2.90 USD   
  Expenses:Health:Medical:Insurance                 27.38 USD   
  Expenses:Health:Vision:Insurance                  42.30 USD   
  Expenses:Taxes:Y2016:US:Medicare                 106.62 USD   
  Expenses:Taxes:Y2016:US:Federal                 1062.92 USD   
  Expenses:Taxes:Y2016:US:State                    365.08 USD   
  Expenses:Taxes:Y2016:US:CityNYC                  174.92 USD   
  Expenses:Taxes:Y2016:US:SDI                        1.12 USD   
  Expenses:Taxes:Y2016:US:SocSec                   281.54 USD   
  Assets:US:Federal:PreTax401k                   -1200.00 IRAUSD
  Expenses:Taxes:Y2016:US:Federal:PreTax401k      1200.00 IRAUSD
  Assets:US:BayBook:Vacation                            5 VACHR 
  Income:US:BayBook:Vacation                           -5 VACHR 

2016-03-03 * "BayBook" "Payroll"
  Assets:US:BofA:Checking                         1350.60 USD   
  Assets:US:Vanguard:Cash                         1200.00 USD   
  Income:US:BayBook:Salary                       -4615.38 USD   
  Income:US:BayBook:GroupTermLife                  -24.32 USD   
  Expenses:Health:Life:GroupTermLife                24.32 USD   
  Expenses:Health:Dental:Insurance                   2.90 USD   
  Expenses:Health:Medical:Insurance                 27.38 USD   
  Expenses:Health:Vision:Insurance                  42.30 USD   
  Expenses:Taxes:Y2016:US:Medicare                 106.62 USD   
  Expenses:Taxes:Y2016:US:Federal                 1062.92 USD   
  Expenses:Taxes:Y2016:US:State                    365.08 USD   
  Expenses:Taxes:Y2016:US:CityNYC                  174.92 USD   
  Expenses:Taxes:Y2016:US:SDI                        1.12 USD   
  Expenses:Taxes:Y2016:US:SocSec                   281.54 USD   
  Assets:US:Federal:PreTax401k                   -1200.00 IRAUSD
  Expenses:Taxes:Y2016:US:Federal:PreTax401k      1200.00 IRAUSD
  Assets:US:BayBook:Vacation                            5 VACHR 
  Income:US:BayBook:Vacation                           -5 VACHR 

2016-03-17 * "BayBook" "Payroll"
  Assets:US:BofA:Checking                         1350.60 USD   
  Assets:US:Vanguard:Cash                         1200.00 USD   
  Income:US:BayBook:Salary                       -4615.38 USD   
  Income:US:BayBook:GroupTermLife                  -24.32 USD   
  Expenses:Health:Life:GroupTermLife                24.32 USD   
  Expenses:Health:Dental:Insurance                   2.90 USD   
  Expenses:Health:Medical:Insurance                 27.38 USD   
  Expenses:Health:Vision:Insurance                  42.30 USD   
  Expenses:Taxes:Y2016:US:Medicare                 106.62 USD   
  Expenses:Taxes:Y2016:US:Federal                 1062.92 USD   
  Expenses:Taxes:Y2016:US:State                    365.08 USD   
  Expenses:Taxes:Y2016:US:CityNYC                  174.92 USD   
  Expenses:Taxes:Y2016:US:SDI                        1.12 USD   
  Expenses:Taxes:Y2016:US:SocSec                   281.54 USD   
  Assets:US:Federal:PreTax401k                   -1200.00 IRAUSD
  Expenses:Taxes:Y2016:US:Federal:PreTax401k      1200.00 IRAUSD
  Assets:US:BayBook:Vacation                            5 VACHR 
  Income:US:BayBook:Vacation                           -5 VACHR 

2016-03-31 * "BayBook" "Payroll"
  Assets:US:BofA:Checking                         1350.60 USD   
  Assets:US:Vanguard:Cash                         1200.00 USD   
  Income:US:BayBook:Salary                       -4615.38 USD   
  Income:US:BayBook:GroupTermLife                  -24.32 USD   
  Expenses:Health:Life:GroupTermLife                24.32 USD   
  Expenses:Health:Dental:Insurance                   2.90 USD   
  Expenses:Health:Medical:Insurance                 27.38 USD   
  Expenses:Health:Vision:Insurance                  42.30 USD   
  Expenses:Taxes:Y2016:US:Medicare                 106.62 USD   
  Expenses:Taxes:Y2016:US:Federal                 1062.92 USD   
  Expenses:Taxes:Y2016:US:State                    365.08 USD   
  Expenses:Taxes:Y2016:US:CityNYC                  174.92 USD   
  Expenses:Taxes:Y2016:US:SDI                        1.12 USD   
  Expenses:Taxes:Y2016:US:SocSec                   281.54 USD   
  Assets:US:Federal:PreTax401k                   -1200.00 IRAUSD
  Expenses:Taxes:Y2016:US:Federal:PreTax401k      1200.00 IRAUSD
  Assets:US:BayBook:Vacation                            5 VACHR 
  Income:US:BayBook:Vacation                           -5 VACHR 

2016-04-14 * "BayBook" "Payroll"
  Assets:US:BofA:Checking                         1350.60 USD   
  Assets:US:Vanguard:Cash                         1200.00 USD   
  Income:US:BayBook:Salary                       -4615.38 USD   
  Income:US:BayBook:GroupTermLife                  -24.32 USD   
  Expenses:Health:Life:GroupTermLife                24.32 USD   
  Expenses:Health:Dental:Insurance                   2.90 USD   
  Expenses:Health:Medical:Insurance                 27.38 USD   
  Expenses:Health:Vision:Insurance                  42.30 USD   
  Expenses:Taxes:Y2016:US:Medicare                 106.62 USD   
  Expenses:Taxes:Y2016:US:Federal                 1062.92 USD   
  Expenses:Taxes:Y2016:US:State                    365.08 USD   
  Expenses:Taxes:Y2016:US:CityNYC                  174.92 USD   
  Expenses:Taxes:Y2016:US:SDI                        1.12 USD   
  Expenses:Taxes:Y2016:US:SocSec                   281.54 USD   
  Assets:US:Federal:PreTax401k                   -1200.00 IRAUSD
  Expenses:Taxes:Y2016:US:Federal:PreTax401k      1200.00 IRAUSD
  Assets:US:BayBook:Vacation                            5 VACHR 
  Income:US:BayBook:Vacation                           -5 VACHR 

2016-04-28 * "BayBook" "Payroll"
  Assets:US:BofA:Checking                         1350.60 USD   
  Assets:US:Vanguard:Cash                         1200.00 USD   
  Income:US:BayBook:Salary                       -4615.38 USD   
  Income:US:BayBook:GroupTermLife                  -24.32 USD   
  Expenses:Health:Life:GroupTermLife                24.32 USD   
  Expenses:Health:Dental:Insurance                   2.90 USD   
  Expenses:Health:Medical:Insurance                 27.38 USD   
  Expenses:Health:Vision:Insurance                  42.30 USD   
  Expenses:Taxes:Y2016:US:Medicare                 106.62 USD   
  Expenses:Taxes:Y2016:US:Federal                 1062.92 USD   
  Expenses:Taxes:Y2016:US:State                    365.08 USD   
  Expenses:Taxes:Y2016:US:CityNYC                  174.92 USD   
  Expenses:Taxes:Y2016:US:SDI                        1.12 USD   
  Expenses:Taxes:Y2016:US:SocSec                   281.54 USD   
  Assets:US:Federal:PreTax401k                   -1200.00 IRAUSD
  Expenses:Taxes:Y2016:US:Federal:PreTax401k      1200.00 IRAUSD
  Assets:US:BayBook:Vacation                            5 VACHR 
  Income:US:BayBook:Vacation                           -5 VACHR 

2016-05-12 * "BayBook" "Payroll"
  Assets:US:BofA:Checking                         1350.60 USD   
  Assets:US:Vanguard:Cash                         1200.00 USD   
  Income:US:BayBook:Salary                       -4615.38 USD   
  Income:US:BayBook:GroupTermLife                  -24.32 USD   
  Expenses:Health:Life:GroupTermLife                24.32 USD   
  Expenses:Health:Dental:Insurance                   2.90 USD   
  Expenses:Health:Medical:Insurance                 27.38 USD   
  Expenses:Health:Vision:Insurance                  42.30 USD   
  Expenses:Taxes:Y2016:US:Medicare                 106.62 USD   
  Expenses:Taxes:Y2016:US:Federal                 1062.92 USD   
  Expenses:Taxes:Y2016:US:State                    365.08 USD   
  Expenses:Taxes:Y2016:US:CityNYC                  174.92 USD   
  Expenses:Taxes:Y2016:US:SDI                        1.12 USD   
  Expenses:Taxes:Y2016:US:SocSec                   281.54 USD   
  Assets:US:Federal:PreTax401k                   -1200.00 IRAUSD
  Expenses:Taxes:Y2016:US:Federal:PreTax401k      1200.00 IRAUSD
  Assets:US:BayBook:Vacation                            5 VACHR 
  Income:US:BayBook:Vacation                           -5 VACHR 

2016-05-26 * "BayBook" "Payroll"
  Assets:US:BofA:Checking                         1350.60 USD   
  Assets:US:Vanguard:Cash                         1200.00 USD   
  Income:US:BayBook:Salary                       -4615.38 USD   
  Income:US:BayBook:GroupTermLife                  -24.32 USD   
  Expenses:Health:Life:GroupTermLife                24.32 USD   
  Expenses:Health:Dental:Insurance                   2.90 USD   
  Expenses:Health:Medical:Insurance                 27.38 USD   
  Expenses:Health:Vision:Insurance                  42.30 USD   
  Expenses:Taxes:Y2016:US:Medicare                 106.62 USD   
  Expenses:Taxes:Y2016:US:Federal                 1062.92 USD   
  Expenses:Taxes:Y2016:US:State                    365.08 USD   
  Expenses:Taxes:Y2016:US:CityNYC                  174.92 USD   
  Expenses:Taxes:Y2016:US:SDI                        1.12 USD   
  Expenses:Taxes:Y2016:US:SocSec                   281.54 USD   
  Assets:US:Federal:PreTax401k                   -1200.00 IRAUSD
  Expenses:Taxes:Y2016:US:Federal:PreTax401k      1200.00 IRAUSD
  Assets:US:BayBook:Vacation                            5 VACHR 
  Income:US:BayBook:Vacation                           -5 VACHR 

2016-06-09 * "BayBook" "Payroll"
  Assets:US:BofA:Checking                         1350.60 USD   
  Assets:US:Vanguard:Cash                         1200.00 USD   
  Income:US:BayBook:Salary                       -4615.38 USD   
  Income:US:BayBook:GroupTermLife                  -24.32 USD   
  Expenses:Health:Life:GroupTermLife                24.32 USD   
  Expenses:Health:Dental:Insurance                   2.90 USD   
  Expenses:Health:Medical:Insurance                 27.38 USD   
  Expenses:Health:Vision:Insurance                  42.30 USD   
  Expenses:Taxes:Y2016:US:Medicare                 106.62 USD   
  Expenses:Taxes:Y2016:US:Federal                 1062.92 USD   
  Expenses:Taxes:Y2016:US:State                    365.08 USD   
  Expenses:Taxes:Y2016:US:CityNYC                  174.92 USD   
  Expenses:Taxes:Y2016:US:SDI                        1.12 USD   
  Expenses:Taxes:Y2016:US:SocSec                   281.54 USD   
  Assets:US:Federal:PreTax401k                   -1200.00 IRAUSD
  Expenses:Taxes:Y2016:US:Federal:PreTax401k      1200.00 IRAUSD
  Assets:US:BayBook:Vacation                            5 VACHR 
  Income:US:BayBook:Vacation                           -5 VACHR 

2016-06-23 * "BayBook" "Payroll"
  Assets:US:BofA:Checking                         1350.60 USD   
  Assets:US:Vanguard:Cash                         1200.00 USD   
  Income:US:BayBook:Salary                       -4615.38 USD   
  Income:US:BayBook:GroupTermLife                  -24.32 USD   
  Expenses:Health:Life:GroupTermLife                24.32 USD   
  Expenses:Health:Dental:Insurance                   2.90 USD   
  Expenses:Health:Medical:Insurance                 27.38 USD   
  Expenses:Health:Vision:Insurance                  42.30 USD   
  Expenses:Taxes:Y2016:US:Medicare                 106.62 USD   
  Expenses:Taxes:Y2016:US:Federal                 1062.92 USD   
  Expenses:Taxes:Y2016:US:State                    365.08 USD   
  Expenses:Taxes:Y2016:US:CityNYC                  174.92 USD   
  Expenses:Taxes:Y2016:US:SDI                        1.12 USD   
  Expenses:Taxes:Y2016:US:SocSec                   281.54 USD   
  Assets:US:Federal:PreTax401k                   -1200.00 IRAUSD
  Expenses:Taxes:Y2016:US:Federal:PreTax401k      1200.00 IRAUSD
  Assets:US:BayBook:Vacation                            5 VACHR 
  Income:US:BayBook:Vacation                           -5 VACHR 

2016-07-07 * "BayBook" "Payroll"
  Assets:US:BofA:Checking                         1350.60 USD   
  Assets:US:Vanguard:Cash                         1200.00 USD   
  Income:US:BayBook:Salary                       -4615.38 USD   
  Income:US:BayBook:GroupTermLife                  -24.32 USD   
  Expenses:Health:Life:GroupTermLife                24.32 USD   
  Expenses:Health:Dental:Insurance                   2.90 USD   
  Expenses:Health:Medical:Insurance                 27.38 USD   
  Expenses:Health:Vision:Insurance                  42.30 USD   
  Expenses:Taxes:Y2016:US:Medicare                 106.62 USD   
  Expenses:Taxes:Y2016:US:Federal                 1062.92 USD   
  Expenses:Taxes:Y2016:US:State                    365.08 USD   
  Expenses:Taxes:Y2016:US:CityNYC                  174.92 USD   
  Expenses:Taxes:Y2016:US:SDI                        1.12 USD   
  Expenses:Taxes:Y2016:US:SocSec                   281.54 USD   
  Assets:US:Federal:PreTax401k                   -1200.00 IRAUSD
  Expenses:Taxes:Y2016:US:Federal:PreTax401k      1200.00 IRAUSD
  Assets:US:BayBook:Vacation                            5 VACHR 
  Income:US:BayBook:Vacation                           -5 VACHR 

2016-07-21 * "BayBook" "Payroll"
  Assets:US:BofA:Checking                         1350.60 USD   
  Assets:US:Vanguard:Cash                         1200.00 USD   
  Income:US:BayBook:Salary                       -4615.38 USD   
  Income:US:BayBook:GroupTermLife                  -24.32 USD   
  Expenses:Health:Life:GroupTermLife                24.32 USD   
  Expenses:Health:Dental:Insurance                   2.90 USD   
  Expenses:Health:Medical:Insurance                 27.38 USD   
  Expenses:Health:Vision:Insurance                  42.30 USD   
  Expenses:Taxes:Y2016:US:Medicare                 106.62 USD   
  Expenses:Taxes:Y2016:US:Federal                 1062.92 USD   
  Expenses:Taxes:Y2016:US:State                    365.08 USD   
  Expenses:Taxes:Y2016:US:CityNYC                  174.92 USD   
  Expenses:Taxes:Y2016:US:SDI                        1.12 USD   
  Expenses:Taxes:Y2016:US:SocSec                   281.54 USD   
  Assets:US:Federal:PreTax401k                   -1200.00 IRAUSD
  Expenses:Taxes:Y2016:US:Federal:PreTax401k      1200.00 IRAUSD
  Assets:US:BayBook:Vacation                            5 VACHR 
  Income:US:BayBook:Vacation                           -5 VACHR 

2016-08-04 * "BayBook" "Payroll"
  Assets:US:BofA:Checking                         2550.60 USD   
  Income:US:BayBook:Salary                       -4615.38 USD   
  Income:US:BayBook:GroupTermLife                  -24.32 USD   
  Expenses:Health:Life:GroupTermLife                24.32 USD   
  Expenses:Health:Dental:Insurance                   2.90 USD   
  Expenses:Health:Medical:Insurance                 27.38 USD   
  Expenses:Health:Vision:Insurance                  42.30 USD   
  Expenses:Taxes:Y2016:US:Medicare                 106.62 USD   
  Expenses:Taxes:Y2016:US:Federal                 1062.92 USD   
  Expenses:Taxes:Y2016:US:State                    365.08 USD   
  Expenses:Taxes:Y2016:US:CityNYC                  174.92 USD   
  Expenses:Taxes:Y2016:US:SDI                        1.12 USD   
  Expenses:Taxes:Y2016:US:SocSec                   281.54 USD   
  Assets:US:Federal:PreTax401k                       0.00 IRAUSD
  Assets:US:BayBook:Vacation                            5 VACHR 
  Income:US:BayBook:Vacation                           -5 VACHR 

2016-08-18 * "BayBook" "Payroll"
  Assets:US:BofA:Checking                         2550.60 USD   
  Income:US:BayBook:Salary                       -4615.38 USD   
  Income:US:BayBook:GroupTermLife                  -24.32 USD   
  Expenses:Health:Life:GroupTermLife                24.32 USD   
  Expenses:Health:Dental:Insurance                   2.90 USD   
  Expenses:Health:Medical:Insurance                 27.38 USD   
  Expenses:Health:Vision:Insurance                  42.30 USD   
  Expenses:Taxes:Y2016:US:Medicare                 106.62 USD   
  Expenses:Taxes:Y2016:US:Federal                 1062.92 USD   
  Expenses:Taxes:Y2016:US:State                    365.08 USD   
  Expenses:Taxes:Y2016:US:CityNYC                  174.92 USD   
  Expenses:Taxes:Y2016:US:SDI                        1.12 USD   
  Expenses:Taxes:Y2016:US:SocSec                   281.54 USD   
  Assets:US:Federal:PreTax401k                       0.00 IRAUSD
  Assets:US:BayBook:Vacation                            5 VACHR 
  Income:US:BayBook:Vacation                           -5 VACHR 

2016-09-01 * "BayBook" "Payroll"
  Assets:US:BofA:Checking                         2550.60 USD   
  Income:US:BayBook:Salary                       -4615.38 USD   
  Income:US:BayBook:GroupTermLife                  -24.32 USD   
  Expenses:Health:Life:GroupTermLife                24.32 USD   
  Expenses:Health:Dental:Insurance                   2.90 USD   
  Expenses:Health:Medical:Insurance                 27.38 USD   
  Expenses:Health:Vision:Insurance                  42.30 USD   
  Expenses:Taxes:Y2016:US:Medicare                 106.62 USD   
  Expenses:Taxes:Y2016:US:Federal                 1062.92 USD   
  Expenses:Taxes:Y2016:US:State                    365.08 USD   
  Expenses:Taxes:Y2016:US:CityNYC                  174.92 USD   
  Expenses:Taxes:Y2016:US:SDI                        1.12 USD   
  Expenses:Taxes:Y2016:US:SocSec                   281.54 USD   
  Assets:US:Federal:PreTax401k                       0.00 IRAUSD
  Assets:US:BayBook:Vacation                            5 VACHR 
  Income:US:BayBook:Vacation                           -5 VACHR 

2016-09-15 * "BayBook" "Payroll"
  Assets:US:BofA:Checking                         2550.60 USD   
  Income:US:BayBook:Salary                       -4615.38 USD   
  Income:US:BayBook:GroupTermLife                  -24.32 USD   
  Expenses:Health:Life:GroupTermLife                24.32 USD   
  Expenses:Health:Dental:Insurance                   2.90 USD   
  Expenses:Health:Medical:Insurance                 27.38 USD   
  Expenses:Health:Vision:Insurance                  42.30 USD   
  Expenses:Taxes:Y2016:US:Medicare                 106.62 USD   
  Expenses:Taxes:Y2016:US:Federal                 1062.92 USD   
  Expenses:Taxes:Y2016:US:State                    365.08 USD   
  Expenses:Taxes:Y2016:US:CityNYC                  174.92 USD   
  Expenses:Taxes:Y2016:US:SDI                        1.12 USD   
  Expenses:Taxes:Y2016:US:SocSec                   281.54 USD   
  Assets:US:Federal:PreTax401k                       0.00 IRAUSD
  Assets:US:BayBook:Vacation                            5 VACHR 
  Income:US:BayBook:Vacation                           -5 VACHR 

2016-09-29 * "BayBook" "Payroll"
  Assets:US:BofA:Checking                         2550.60 USD   
  Income:US:BayBook:Salary                       -4615.38 USD   
  Income:US:BayBook:GroupTermLife                  -24.32 USD   
  Expenses:Health:Life:GroupTermLife                24.32 USD   
  Expenses:Health:Dental:Insurance                   2.90 USD   
  Expenses:Health:Medical:Insurance                 27.38 USD   
  Expenses:Health:Vision:Insurance                  42.30 USD   
  Expenses:Taxes:Y2016:US:Medicare                 106.62 USD   
  Expenses:Taxes:Y2016:US:Federal                 1062.92 USD   
  Expenses:Taxes:Y2016:US:State                    365.08 USD   
  Expenses:Taxes:Y2016:US:CityNYC                  174.92 USD   
  Expenses:Taxes:Y2016:US:SDI                        1.12 USD   
  Expenses:Taxes:Y2016:US:SocSec                   281.54 USD   
  Assets:US:Federal:PreTax401k                       0.00 IRAUSD
  Assets:US:BayBook:Vacation                            5 VACHR 
  Income:US:BayBook:Vacation                           -5 VACHR 

2016-10-13 * "BayBook" "Payroll"
  Assets:US:BofA:Checking                         2550.60 USD   
  Income:US:BayBook:Salary                       -4615.38 USD   
  Income:US:BayBook:GroupTermLife                  -24.32 USD   
  Expenses:Health:Life:GroupTermLife                24.32 USD   
  Expenses:Health:Dental:Insurance                   2.90 USD   
  Expenses:Health:Medical:Insurance                 27.38 USD   
  Expenses:Health:Vision:Insurance                  42.30 USD   
  Expenses:Taxes:Y2016:US:Medicare                 106.62 USD   
  Expenses:Taxes:Y2016:US:Federal                 1062.92 USD   
  Expenses:Taxes:Y2016:US:State                    365.08 USD   
  Expenses:Taxes:Y2016:US:CityNYC                  174.92 USD   
  Expenses:Taxes:Y2016:US:SDI                        1.12 USD   
  Expenses:Taxes:Y2016:US:SocSec                   281.54 USD   
  Assets:US:Federal:PreTax401k                       0.00 IRAUSD
  Assets:US:BayBook:Vacation                            5 VACHR 
  Income:US:BayBook:Vacation                           -5 VACHR 

2016-10-27 * "BayBook" "Payroll"
  Assets:US:BofA:Checking                         2550.60 USD   
  Income:US:BayBook:Salary                       -4615.38 USD   
  Income:US:BayBook:GroupTermLife                  -24.32 USD   
  Expenses:Health:Life:GroupTermLife                24.32 USD   
  Expenses:Health:Dental:Insurance                   2.90 USD   
  Expenses:Health:Medical:Insurance                 27.38 USD   
  Expenses:Health:Vision:Insurance                  42.30 USD   
  Expenses:Taxes:Y2016:US:Medicare                 106.62 USD   
  Expenses:Taxes:Y2016:US:Federal                 1062.92 USD   
  Expenses:Taxes:Y2016:US:State                    365.08 USD   
  Expenses:Taxes:Y2016:US:CityNYC                  174.92 USD   
  Expenses:Taxes:Y2016:US:SDI                        1.12 USD   
  Expenses:Taxes:Y2016:US:SocSec                   281.54 USD   
  Assets:US:Federal:PreTax401k                       0.00 IRAUSD
  Assets:US:BayBook:Vacation                            5 VACHR 
  Income:US:BayBook:Vacation                           -5 VACHR 

2016-11-10 * "BayBook" "Payroll"
  Assets:US:BofA:Checking                         2550.60 USD   
  Income:US:BayBook:Salary                       -4615.38 USD   
  Income:US:BayBook:GroupTermLife                  -24.32 USD   
  Expenses:Health:Life:GroupTermLife                24.32 USD   
  Expenses:Health:Dental:Insurance                   2.90 USD   
  Expenses:Health:Medical:Insurance                 27.38 USD   
  Expenses:Health:Vision:Insurance                  42.30 USD   
  Expenses:Taxes:Y2016:US:Medicare                 106.62 USD   
  Expenses:Taxes:Y2016:US:Federal                 1062.92 USD   
  Expenses:Taxes:Y2016:US:State                    365.08 USD   
  Expenses:Taxes:Y2016:US:CityNYC                  174.92 USD   
  Expenses:Taxes:Y2016:US:SDI                        1.12 USD   
  Expenses:Taxes:Y2016:US:SocSec                   281.54 USD   
  Assets:US:Federal:PreTax401k                       0.00 IRAUSD
  Assets:US:BayBook:Vacation                            5 VACHR 
  Income:US:BayBook:Vacation                           -5 VACHR 

2016-11-24 * "BayBook" "Payroll"
  Assets:US:BofA:Checking                         2550.60 USD   
  Income:US:BayBook:Salary                       -4615.38 USD   
  Income:US:BayBook:GroupTermLife                  -24.32 USD   
  Expenses:Health:Life:GroupTermLife                24.32 USD   
  Expenses:Health:Dental:Insurance                   2.90 USD   
  Expenses:Health:Medical:Insurance                 27.38 USD   
  Expenses:Health:Vision:Insurance                  42.30 USD   
  Expenses:Taxes:Y2016:US:Medicare                 106.62 USD   
  Expenses:Taxes:Y2016:US:Federal                 1062.92 USD   
  Expenses:Taxes:Y2016:US:State                    365.08 USD   
  Expenses:Taxes:Y2016:US:CityNYC                  174.92 USD   
  Expenses:Taxes:Y2016:US:SDI                        1.12 USD   
  Expenses:Taxes:Y2016:US:SocSec                   281.54 USD   
  Assets:US:Federal:PreTax401k                       0.00 IRAUSD
  Assets:US:BayBook:Vacation                            5 VACHR 
  Income:US:BayBook:Vacation                           -5 VACHR 

2016-12-08 * "BayBook" "Payroll"
  Assets:US:BofA:Checking                         2589.06 USD   
  Income:US:BayBook:Salary                       -4615.38 USD   
  Income:US:BayBook:GroupTermLife                  -24.32 USD   
  Expenses:Health:Life:GroupTermLife                24.32 USD   
  Expenses:Health:Dental:Insurance                   2.90 USD   
  Expenses:Health:Medical:Insurance                 27.38 USD   
  Expenses:Health:Vision:Insurance                  42.30 USD   
  Expenses:Taxes:Y2016:US:Medicare                 106.62 USD   
  Expenses:Taxes:Y2016:US:Federal                 1062.92 USD   
  Expenses:Taxes:Y2016:US:State                    365.08 USD   
  Expenses:Taxes:Y2016:US:CityNYC                  174.92 USD   
  Expenses:Taxes:Y2016:US:SDI                        1.12 USD   
  Expenses:Taxes:Y2016:US:SocSec                   243.08 USD   
  Assets:US:Federal:PreTax401k                       0.00 IRAUSD
  Assets:US:BayBook:Vacation                            5 VACHR 
  Income:US:BayBook:Vacation                           -5 VACHR 

2016-12-22 * "BayBook" "Payroll"
  Assets:US:BofA:Checking                         2832.14 USD   
  Income:US:BayBook:Salary                       -4615.38 USD   
  Income:US:BayBook:GroupTermLife                  -24.32 USD   
  Expenses:Health:Life:GroupTermLife                24.32 USD   
  Expenses:Health:Dental:Insurance                   2.90 USD   
  Expenses:Health:Medical:Insurance                 27.38 USD   
  Expenses:Health:Vision:Insurance                  42.30 USD   
  Expenses:Taxes:Y2016:US:Medicare                 106.62 USD   
  Expenses:Taxes:Y2016:US:Federal                 1062.92 USD   
  Expenses:Taxes:Y2016:US:State                    365.08 USD   
  Expenses:Taxes:Y2016:US:CityNYC                  174.92 USD   
  Expenses:Taxes:Y2016:US:SDI                        1.12 USD   
  Expenses:Taxes:Y2016:US:SocSec                     0.00 USD   
  Assets:US:Federal:PreTax401k                       0.00 IRAUSD
  Assets:US:BayBook:Vacation                            5 VACHR 
  Income:US:BayBook:Vacation                           -5 VACHR 

2017-01-05 * "BayBook" "Payroll"
  Assets:US:BofA:Checking                         1350.60 USD   
  Assets:US:Vanguard:Cash                         1200.00 USD   
  Income:US:BayBook:Salary                       -4615.38 USD   
  Income:US:BayBook:GroupTermLife                  -24.32 USD   
  Expenses:Health:Life:GroupTermLife                24.32 USD   
  Expenses:Health:Dental:Insurance                   2.90 USD   
  Expenses:Health:Medical:Insurance                 27.38 USD   
  Expenses:Health:Vision:Insurance                  42.30 USD   
  Expenses:Taxes:Y2017:US:Medicare                 106.62 USD   
  Expenses:Taxes:Y2017:US:Federal                 1062.92 USD   
  Expenses:Taxes:Y2017:US:State                    365.08 USD   
  Expenses:Taxes:Y2017:US:CityNYC                  174.92 USD   
  Expenses:Taxes:Y2017:US:SDI                        1.12 USD   
  Expenses:Taxes:Y2017:US:SocSec                   281.54 USD   
  Assets:US:Federal:PreTax401k                   -1200.00 IRAUSD
  Expenses:Taxes:Y2017:US:Federal:PreTax401k      1200.00 IRAUSD
  Assets:US:BayBook:Vacation                            5 VACHR 
  Income:US:BayBook:Vacation                           -5 VACHR 

2017-01-19 * "BayBook" "Payroll"
  Assets:US:BofA:Checking                         1350.60 USD   
  Assets:US:Vanguard:Cash                         1200.00 USD   
  Income:US:BayBook:Salary                       -4615.38 USD   
  Income:US:BayBook:GroupTermLife                  -24.32 USD   
  Expenses:Health:Life:GroupTermLife                24.32 USD   
  Expenses:Health:Dental:Insurance                   2.90 USD   
  Expenses:Health:Medical:Insurance                 27.38 USD   
  Expenses:Health:Vision:Insurance                  42.30 USD   
  Expenses:Taxes:Y2017:US:Medicare                 106.62 USD   
  Expenses:Taxes:Y2017:US:Federal                 1062.92 USD   
  Expenses:Taxes:Y2017:US:State                    365.08 USD   
  Expenses:Taxes:Y2017:US:CityNYC                  174.92 USD   
  Expenses:Taxes:Y2017:US:SDI                        1.12 USD   
  Expenses:Taxes:Y2017:US:SocSec                   281.54 USD   
  Assets:US:Federal:PreTax401k                   -1200.00 IRAUSD
  Expenses:Taxes:Y2017:US:Federal:PreTax401k      1200.00 IRAUSD
  Assets:US:BayBook:Vacation                            5 VACHR 
  Income:US:BayBook:Vacation                           -5 VACHR 

2017-02-02 * "BayBook" "Payroll"
  Assets:US:BofA:Checking                         1350.60 USD   
  Assets:US:Vanguard:Cash                         1200.00 USD   
  Income:US:BayBook:Salary                       -4615.38 USD   
  Income:US:BayBook:GroupTermLife                  -24.32 USD   
  Expenses:Health:Life:GroupTermLife                24.32 USD   
  Expenses:Health:Dental:Insurance                   2.90 USD   
  Expenses:Health:Medical:Insurance                 27.38 USD   
  Expenses:Health:Vision:Insurance                  42.30 USD   
  Expenses:Taxes:Y2017:US:Medicare                 106.62 USD   
  Expenses:Taxes:Y2017:US:Federal                 1062.92 USD   
  Expenses:Taxes:Y2017:US:State                    365.08 USD   
  Expenses:Taxes:Y2017:US:CityNYC                  174.92 USD   
  Expenses:Taxes:Y2017:US:SDI                        1.12 USD   
  Expenses:Taxes:Y2017:US:SocSec                   281.54 USD   
  Assets:US:Federal:PreTax401k                   -1200.00 IRAUSD
  Expenses:Taxes:Y2017:US:Federal:PreTax401k      1200.00 IRAUSD
  Assets:US:BayBook:Vacation                            5 VACHR 
  Income:US:BayBook:Vacation                           -5 VACHR 

2017-02-16 * "BayBook" "Payroll"
  Assets:US:BofA:Checking                         1350.60 USD   
  Assets:US:Vanguard:Cash                         1200.00 USD   
  Income:US:BayBook:Salary                       -4615.38 USD   
  Income:US:BayBook:GroupTermLife                  -24.32 USD   
  Expenses:Health:Life:GroupTermLife                24.32 USD   
  Expenses:Health:Dental:Insurance                   2.90 USD   
  Expenses:Health:Medical:Insurance                 27.38 USD   
  Expenses:Health:Vision:Insurance                  42.30 USD   
  Expenses:Taxes:Y2017:US:Medicare                 106.62 USD   
  Expenses:Taxes:Y2017:US:Federal                 1062.92 USD   
  Expenses:Taxes:Y2017:US:State                    365.08 USD   
  Expenses:Taxes:Y2017:US:CityNYC                  174.92 USD   
  Expenses:Taxes:Y2017:US:SDI                        1.12 USD   
  Expenses:Taxes:Y2017:US:SocSec                   281.54 USD   
  Assets:US:Federal:PreTax401k                   -1200.00 IRAUSD
  Expenses:Taxes:Y2017:US:Federal:PreTax401k      1200.00 IRAUSD
  Assets:US:BayBook:Vacation                            5 VACHR 
  Income:US:BayBook:Vacation                           -5 VACHR 

2017-03-02 * "BayBook" "Payroll"
  Assets:US:BofA:Checking                         1350.60 USD   
  Assets:US:Vanguard:Cash                         1200.00 USD   
  Income:US:BayBook:Salary                       -4615.38 USD   
  Income:US:BayBook:GroupTermLife                  -24.32 USD   
  Expenses:Health:Life:GroupTermLife                24.32 USD   
  Expenses:Health:Dental:Insurance                   2.90 USD   
  Expenses:Health:Medical:Insurance                 27.38 USD   
  Expenses:Health:Vision:Insurance                  42.30 USD   
  Expenses:Taxes:Y2017:US:Medicare                 106.62 USD   
  Expenses:Taxes:Y2017:US:Federal                 1062.92 USD   
  Expenses:Taxes:Y2017:US:State                    365.08 USD   
  Expenses:Taxes:Y2017:US:CityNYC                  174.92 USD   
  Expenses:Taxes:Y2017:US:SDI                        1.12 USD   
  Expenses:Taxes:Y2017:US:SocSec                   281.54 USD   
  Assets:US:Federal:PreTax401k                   -1200.00 IRAUSD
  Expenses:Taxes:Y2017:US:Federal:PreTax401k      1200.00 IRAUSD
  Assets:US:BayBook:Vacation                            5 VACHR 
  Income:US:BayBook:Vacation                           -5 VACHR 

2017-03-16 * "BayBook" "Payroll"
  Assets:US:BofA:Checking                         1350.60 USD   
  Assets:US:Vanguard:Cash                         1200.00 USD   
  Income:US:BayBook:Salary                       -4615.38 USD   
  Income:US:BayBook:GroupTermLife                  -24.32 USD   
  Expenses:Health:Life:GroupTermLife                24.32 USD   
  Expenses:Health:Dental:Insurance                   2.90 USD   
  Expenses:Health:Medical:Insurance                 27.38 USD   
  Expenses:Health:Vision:Insurance                  42.30 USD   
  Expenses:Taxes:Y2017:US:Medicare                 106.62 USD   
  Expenses:Taxes:Y2017:US:Federal                 1062.92 USD   
  Expenses:Taxes:Y2017:US:State                    365.08 USD   
  Expenses:Taxes:Y2017:US:CityNYC                  174.92 USD   
  Expenses:Taxes:Y2017:US:SDI                        1.12 USD   
  Expenses:Taxes:Y2017:US:SocSec                   281.54 USD   
  Assets:US:Federal:PreTax401k                   -1200.00 IRAUSD
  Expenses:Taxes:Y2017:US:Federal:PreTax401k      1200.00 IRAUSD
  Assets:US:BayBook:Vacation                            5 VACHR 
  Income:US:BayBook:Vacation                           -5 VACHR 

2017-03-30 * "BayBook" "Payroll"
  Assets:US:BofA:Checking                         1350.60 USD   
  Assets:US:Vanguard:Cash                         1200.00 USD   
  Income:US:BayBook:Salary                       -4615.38 USD   
  Income:US:BayBook:GroupTermLife                  -24.32 USD   
  Expenses:Health:Life:GroupTermLife                24.32 USD   
  Expenses:Health:Dental:Insurance                   2.90 USD   
  Expenses:Health:Medical:Insurance                 27.38 USD   
  Expenses:Health:Vision:Insurance                  42.30 USD   
  Expenses:Taxes:Y2017:US:Medicare                 106.62 USD   
  Expenses:Taxes:Y2017:US:Federal                 1062.92 USD   
  Expenses:Taxes:Y2017:US:State                    365.08 USD   
  Expenses:Taxes:Y2017:US:CityNYC                  174.92 USD   
  Expenses:Taxes:Y2017:US:SDI                        1.12 USD   
  Expenses:Taxes:Y2017:US:SocSec                   281.54 USD   
  Assets:US:Federal:PreTax401k                   -1200.00 IRAUSD
  Expenses:Taxes:Y2017:US:Federal:PreTax401k      1200.00 IRAUSD
  Assets:US:BayBook:Vacation                            5 VACHR 
  Income:US:BayBook:Vacation                           -5 VACHR 

2017-04-13 * "BayBook" "Payroll"
  Assets:US:BofA:Checking                         1350.60 USD   
  Assets:US:Vanguard:Cash                         1200.00 USD   
  Income:US:BayBook:Salary                       -4615.38 USD   
  Income:US:BayBook:GroupTermLife                  -24.32 USD   
  Expenses:Health:Life:GroupTermLife                24.32 USD   
  Expenses:Health:Dental:Insurance                   2.90 USD   
  Expenses:Health:Medical:Insurance                 27.38 USD   
  Expenses:Health:Vision:Insurance                  42.30 USD   
  Expenses:Taxes:Y2017:US:Medicare                 106.62 USD   
  Expenses:Taxes:Y2017:US:Federal                 1062.92 USD   
  Expenses:Taxes:Y2017:US:State                    365.08 USD   
  Expenses:Taxes:Y2017:US:CityNYC                  174.92 USD   
  Expenses:Taxes:Y2017:US:SDI                        1.12 USD   
  Expenses:Taxes:Y2017:US:SocSec                   281.54 USD   
  Assets:US:Federal:PreTax401k                   -1200.00 IRAUSD
  Expenses:Taxes:Y2017:US:Federal:PreTax401k      1200.00 IRAUSD
  Assets:US:BayBook:Vacation                            5 VACHR 
  Income:US:BayBook:Vacation                           -5 VACHR 

2017-04-27 * "BayBook" "Payroll"
  Assets:US:BofA:Checking                         1350.60 USD   
  Assets:US:Vanguard:Cash                         1200.00 USD   
  Income:US:BayBook:Salary                       -4615.38 USD   
  Income:US:BayBook:GroupTermLife                  -24.32 USD   
  Expenses:Health:Life:GroupTermLife                24.32 USD   
  Expenses:Health:Dental:Insurance                   2.90 USD   
  Expenses:Health:Medical:Insurance                 27.38 USD   
  Expenses:Health:Vision:Insurance                  42.30 USD   
  Expenses:Taxes:Y2017:US:Medicare                 106.62 USD   
  Expenses:Taxes:Y2017:US:Federal                 1062.92 USD   
  Expenses:Taxes:Y2017:US:State                    365.08 USD   
  Expenses:Taxes:Y2017:US:CityNYC                  174.92 USD   
  Expenses:Taxes:Y2017:US:SDI                        1.12 USD   
  Expenses:Taxes:Y2017:US:SocSec                   281.54 USD   
  Assets:US:Federal:PreTax401k                   -1200.00 IRAUSD
  Expenses:Taxes:Y2017:US:Federal:PreTax401k      1200.00 IRAUSD
  Assets:US:BayBook:Vacation                            5 VACHR 
  Income:US:BayBook:Vacation                           -5 VACHR 

2017-05-11 * "BayBook" "Payroll"
  Assets:US:BofA:Checking                         1350.60 USD   
  Assets:US:Vanguard:Cash                         1200.00 USD   
  Income:US:BayBook:Salary                       -4615.38 USD   
  Income:US:BayBook:GroupTermLife                  -24.32 USD   
  Expenses:Health:Life:GroupTermLife                24.32 USD   
  Expenses:Health:Dental:Insurance                   2.90 USD   
  Expenses:Health:Medical:Insurance                 27.38 USD   
  Expenses:Health:Vision:Insurance                  42.30 USD   
  Expenses:Taxes:Y2017:US:Medicare                 106.62 USD   
  Expenses:Taxes:Y2017:US:Federal                 1062.92 USD   
  Expenses:Taxes:Y2017:US:State                    365.08 USD   
  Expenses:Taxes:Y2017:US:CityNYC                  174.92 USD   
  Expenses:Taxes:Y2017:US:SDI                        1.12 USD   
  Expenses:Taxes:Y2017:US:SocSec                   281.54 USD   
  Assets:US:Federal:PreTax401k                   -1200.00 IRAUSD
  Expenses:Taxes:Y2017:US:Federal:PreTax401k      1200.00 IRAUSD
  Assets:US:BayBook:Vacation                            5 VACHR 
  Income:US:BayBook:Vacation                           -5 VACHR 

2017-05-25 * "BayBook" "Payroll"
  Assets:US:BofA:Checking                         1350.60 USD   
  Assets:US:Vanguard:Cash                         1200.00 USD   
  Income:US:BayBook:Salary                       -4615.38 USD   
  Income:US:BayBook:GroupTermLife                  -24.32 USD   
  Expenses:Health:Life:GroupTermLife                24.32 USD   
  Expenses:Health:Dental:Insurance                   2.90 USD   
  Expenses:Health:Medical:Insurance                 27.38 USD   
  Expenses:Health:Vision:Insurance                  42.30 USD   
  Expenses:Taxes:Y2017:US:Medicare                 106.62 USD   
  Expenses:Taxes:Y2017:US:Federal                 1062.92 USD   
  Expenses:Taxes:Y2017:US:State                    365.08 USD   
  Expenses:Taxes:Y2017:US:CityNYC                  174.92 USD   
  Expenses:Taxes:Y2017:US:SDI                        1.12 USD   
  Expenses:Taxes:Y2017:US:SocSec                   281.54 USD   
  Assets:US:Federal:PreTax401k                   -1200.00 IRAUSD
  Expenses:Taxes:Y2017:US:Federal:PreTax401k      1200.00 IRAUSD
  Assets:US:BayBook:Vacation                            5 VACHR 
  Income:US:BayBook:Vacation                           -5 VACHR 

2017-06-08 * "BayBook" "Payroll"
  Assets:US:BofA:Checking                         1350.60 USD   
  Assets:US:Vanguard:Cash                         1200.00 USD   
  Income:US:BayBook:Salary                       -4615.38 USD   
  Income:US:BayBook:GroupTermLife                  -24.32 USD   
  Expenses:Health:Life:GroupTermLife                24.32 USD   
  Expenses:Health:Dental:Insurance                   2.90 USD   
  Expenses:Health:Medical:Insurance                 27.38 USD   
  Expenses:Health:Vision:Insurance                  42.30 USD   
  Expenses:Taxes:Y2017:US:Medicare                 106.62 USD   
  Expenses:Taxes:Y2017:US:Federal                 1062.92 USD   
  Expenses:Taxes:Y2017:US:State                    365.08 USD   
  Expenses:Taxes:Y2017:US:CityNYC                  174.92 USD   
  Expenses:Taxes:Y2017:US:SDI                        1.12 USD   
  Expenses:Taxes:Y2017:US:SocSec                   281.54 USD   
  Assets:US:Federal:PreTax401k                   -1200.00 IRAUSD
  Expenses:Taxes:Y2017:US:Federal:PreTax401k      1200.00 IRAUSD
  Assets:US:BayBook:Vacation                            5 VACHR 
  Income:US:BayBook:Vacation                           -5 VACHR 

2017-06-22 * "BayBook" "Payroll"
  Assets:US:BofA:Checking                         1350.60 USD   
  Assets:US:Vanguard:Cash                         1200.00 USD   
  Income:US:BayBook:Salary                       -4615.38 USD   
  Income:US:BayBook:GroupTermLife                  -24.32 USD   
  Expenses:Health:Life:GroupTermLife                24.32 USD   
  Expenses:Health:Dental:Insurance                   2.90 USD   
  Expenses:Health:Medical:Insurance                 27.38 USD   
  Expenses:Health:Vision:Insurance                  42.30 USD   
  Expenses:Taxes:Y2017:US:Medicare                 106.62 USD   
  Expenses:Taxes:Y2017:US:Federal                 1062.92 USD   
  Expenses:Taxes:Y2017:US:State                    365.08 USD   
  Expenses:Taxes:Y2017:US:CityNYC                  174.92 USD   
  Expenses:Taxes:Y2017:US:SDI                        1.12 USD   
  Expenses:Taxes:Y2017:US:SocSec                   281.54 USD   
  Assets:US:Federal:PreTax401k                   -1200.00 IRAUSD
  Expenses:Taxes:Y2017:US:Federal:PreTax401k      1200.00 IRAUSD
  Assets:US:BayBook:Vacation                            5 VACHR 
  Income:US:BayBook:Vacation                           -5 VACHR 

2017-07-06 * "BayBook" "Payroll"
  Assets:US:BofA:Checking                         1350.60 USD   
  Assets:US:Vanguard:Cash                         1200.00 USD   
  Income:US:BayBook:Salary                       -4615.38 USD   
  Income:US:BayBook:GroupTermLife                  -24.32 USD   
  Expenses:Health:Life:GroupTermLife                24.32 USD   
  Expenses:Health:Dental:Insurance                   2.90 USD   
  Expenses:Health:Medical:Insurance                 27.38 USD   
  Expenses:Health:Vision:Insurance                  42.30 USD   
  Expenses:Taxes:Y2017:US:Medicare                 106.62 USD   
  Expenses:Taxes:Y2017:US:Federal                 1062.92 USD   
  Expenses:Taxes:Y2017:US:State                    365.08 USD   
  Expenses:Taxes:Y2017:US:CityNYC                  174.92 USD   
  Expenses:Taxes:Y2017:US:SDI                        1.12 USD   
  Expenses:Taxes:Y2017:US:SocSec                   281.54 USD   
  Assets:US:Federal:PreTax401k                   -1200.00 IRAUSD
  Expenses:Taxes:Y2017:US:Federal:PreTax401k      1200.00 IRAUSD
  Assets:US:BayBook:Vacation                            5 VACHR 
  Income:US:BayBook:Vacation                           -5 VACHR 

2017-07-20 * "BayBook" "Payroll"
  Assets:US:BofA:Checking                         1350.60 USD   
  Assets:US:Vanguard:Cash                         1200.00 USD   
  Income:US:BayBook:Salary                       -4615.38 USD   
  Income:US:BayBook:GroupTermLife                  -24.32 USD   
  Expenses:Health:Life:GroupTermLife                24.32 USD   
  Expenses:Health:Dental:Insurance                   2.90 USD   
  Expenses:Health:Medical:Insurance                 27.38 USD   
  Expenses:Health:Vision:Insurance                  42.30 USD   
  Expenses:Taxes:Y2017:US:Medicare                 106.62 USD   
  Expenses:Taxes:Y2017:US:Federal                 1062.92 USD   
  Expenses:Taxes:Y2017:US:State                    365.08 USD   
  Expenses:Taxes:Y2017:US:CityNYC                  174.92 USD   
  Expenses:Taxes:Y2017:US:SDI                        1.12 USD   
  Expenses:Taxes:Y2017:US:SocSec                   281.54 USD   
  Assets:US:Federal:PreTax401k                   -1200.00 IRAUSD
  Expenses:Taxes:Y2017:US:Federal:PreTax401k      1200.00 IRAUSD
  Assets:US:BayBook:Vacation                            5 VACHR 
  Income:US:BayBook:Vacation                           -5 VACHR 

2017-08-03 * "BayBook" "Payroll"
  Assets:US:BofA:Checking                         2050.60 USD   
  Assets:US:Vanguard:Cash                          500.00 USD   
  Income:US:BayBook:Salary                       -4615.38 USD   
  Income:US:BayBook:GroupTermLife                  -24.32 USD   
  Expenses:Health:Life:GroupTermLife                24.32 USD   
  Expenses:Health:Dental:Insurance                   2.90 USD   
  Expenses:Health:Medical:Insurance                 27.38 USD   
  Expenses:Health:Vision:Insurance                  42.30 USD   
  Expenses:Taxes:Y2017:US:Medicare                 106.62 USD   
  Expenses:Taxes:Y2017:US:Federal                 1062.92 USD   
  Expenses:Taxes:Y2017:US:State                    365.08 USD   
  Expenses:Taxes:Y2017:US:CityNYC                  174.92 USD   
  Expenses:Taxes:Y2017:US:SDI                        1.12 USD   
  Expenses:Taxes:Y2017:US:SocSec                   281.54 USD   
  Assets:US:Federal:PreTax401k                    -500.00 IRAUSD
  Expenses:Taxes:Y2017:US:Federal:PreTax401k       500.00 IRAUSD
  Assets:US:BayBook:Vacation                            5 VACHR 
  Income:US:BayBook:Vacation                           -5 VACHR 

2017-08-17 * "BayBook" "Payroll"
  Assets:US:BofA:Checking                         2550.60 USD   
  Income:US:BayBook:Salary                       -4615.38 USD   
  Income:US:BayBook:GroupTermLife                  -24.32 USD   
  Expenses:Health:Life:GroupTermLife                24.32 USD   
  Expenses:Health:Dental:Insurance                   2.90 USD   
  Expenses:Health:Medical:Insurance                 27.38 USD   
  Expenses:Health:Vision:Insurance                  42.30 USD   
  Expenses:Taxes:Y2017:US:Medicare                 106.62 USD   
  Expenses:Taxes:Y2017:US:Federal                 1062.92 USD   
  Expenses:Taxes:Y2017:US:State                    365.08 USD   
  Expenses:Taxes:Y2017:US:CityNYC                  174.92 USD   
  Expenses:Taxes:Y2017:US:SDI                        1.12 USD   
  Expenses:Taxes:Y2017:US:SocSec                   281.54 USD   
  Assets:US:Federal:PreTax401k                       0.00 IRAUSD
  Assets:US:BayBook:Vacation                            5 VACHR 
  Income:US:BayBook:Vacation                           -5 VACHR 

2017-08-31 * "BayBook" "Payroll"
  Assets:US:BofA:Checking                         2550.60 USD   
  Income:US:BayBook:Salary                       -4615.38 USD   
  Income:US:BayBook:GroupTermLife                  -24.32 USD   
  Expenses:Health:Life:GroupTermLife                24.32 USD   
  Expenses:Health:Dental:Insurance                   2.90 USD   
  Expenses:Health:Medical:Insurance                 27.38 USD   
  Expenses:Health:Vision:Insurance                  42.30 USD   
  Expenses:Taxes:Y2017:US:Medicare                 106.62 USD   
  Expenses:Taxes:Y2017:US:Federal                 1062.92 USD   
  Expenses:Taxes:Y2017:US:State                    365.08 USD   
  Expenses:Taxes:Y2017:US:CityNYC                  174.92 USD   
  Expenses:Taxes:Y2017:US:SDI                        1.12 USD   
  Expenses:Taxes:Y2017:US:SocSec                   281.54 USD   
  Assets:US:Federal:PreTax401k                       0.00 IRAUSD
  Assets:US:BayBook:Vacation                            5 VACHR 
  Income:US:BayBook:Vacation                           -5 VACHR 

2017-09-14 * "BayBook" "Payroll"
  Assets:US:BofA:Checking                         2550.60 USD   
  Income:US:BayBook:Salary                       -4615.38 USD   
  Income:US:BayBook:GroupTermLife                  -24.32 USD   
  Expenses:Health:Life:GroupTermLife                24.32 USD   
  Expenses:Health:Dental:Insurance                   2.90 USD   
  Expenses:Health:Medical:Insurance                 27.38 USD   
  Expenses:Health:Vision:Insurance                  42.30 USD   
  Expenses:Taxes:Y2017:US:Medicare                 106.62 USD   
  Expenses:Taxes:Y2017:US:Federal                 1062.92 USD   
  Expenses:Taxes:Y2017:US:State                    365.08 USD   
  Expenses:Taxes:Y2017:US:CityNYC                  174.92 USD   
  Expenses:Taxes:Y2017:US:SDI                        1.12 USD   
  Expenses:Taxes:Y2017:US:SocSec                   281.54 USD   
  Assets:US:Federal:PreTax401k                       0.00 IRAUSD
  Assets:US:BayBook:Vacation                            5 VACHR 
  Income:US:BayBook:Vacation                           -5 VACHR 

2017-09-28 * "BayBook" "Payroll"
  Assets:US:BofA:Checking                         2550.60 USD   
  Income:US:BayBook:Salary                       -4615.38 USD   
  Income:US:BayBook:GroupTermLife                  -24.32 USD   
  Expenses:Health:Life:GroupTermLife                24.32 USD   
  Expenses:Health:Dental:Insurance                   2.90 USD   
  Expenses:Health:Medical:Insurance                 27.38 USD   
  Expenses:Health:Vision:Insurance                  42.30 USD   
  Expenses:Taxes:Y2017:US:Medicare                 106.62 USD   
  Expenses:Taxes:Y2017:US:Federal                 1062.92 USD   
  Expenses:Taxes:Y2017:US:State                    365.08 USD   
  Expenses:Taxes:Y2017:US:CityNYC                  174.92 USD   
  Expenses:Taxes:Y2017:US:SDI                        1.12 USD   
  Expenses:Taxes:Y2017:US:SocSec                   281.54 USD   
  Assets:US:Federal:PreTax401k                       0.00 IRAUSD
  Assets:US:BayBook:Vacation                            5 VACHR 
  Income:US:BayBook:Vacation                           -5 VACHR 

2017-10-12 * "BayBook" "Payroll"
  Assets:US:BofA:Checking                         2550.60 USD   
  Income:US:BayBook:Salary                       -4615.38 USD   
  Income:US:BayBook:GroupTermLife                  -24.32 USD   
  Expenses:Health:Life:GroupTermLife                24.32 USD   
  Expenses:Health:Dental:Insurance                   2.90 USD   
  Expenses:Health:Medical:Insurance                 27.38 USD   
  Expenses:Health:Vision:Insurance                  42.30 USD   
  Expenses:Taxes:Y2017:US:Medicare                 106.62 USD   
  Expenses:Taxes:Y2017:US:Federal                 1062.92 USD   
  Expenses:Taxes:Y2017:US:State                    365.08 USD   
  Expenses:Taxes:Y2017:US:CityNYC                  174.92 USD   
  Expenses:Taxes:Y2017:US:SDI                        1.12 USD   
  Expenses:Taxes:Y2017:US:SocSec                   281.54 USD   
  Assets:US:Federal:PreTax401k                       0.00 IRAUSD
  Assets:US:BayBook:Vacation                            5 VACHR 
  Income:US:BayBook:Vacation                           -5 VACHR 

2017-10-26 * "BayBook" "Payroll"
  Assets:US:BofA:Checking                         2550.60 USD   
  Income:US:BayBook:Salary                       -4615.38 USD   
  Income:US:BayBook:GroupTermLife                  -24.32 USD   
  Expenses:Health:Life:GroupTermLife                24.32 USD   
  Expenses:Health:Dental:Insurance                   2.90 USD   
  Expenses:Health:Medical:Insurance                 27.38 USD   
  Expenses:Health:Vision:Insurance                  42.30 USD   
  Expenses:Taxes:Y2017:US:Medicare                 106.62 USD   
  Expenses:Taxes:Y2017:US:Federal                 1062.92 USD   
  Expenses:Taxes:Y2017:US:State                    365.08 USD   
  Expenses:Taxes:Y2017:US:CityNYC                  174.92 USD   
  Expenses:Taxes:Y2017:US:SDI                        1.12 USD   
  Expenses:Taxes:Y2017:US:SocSec                   281.54 USD   
  Assets:US:Federal:PreTax401k                       0.00 IRAUSD
  Assets:US:BayBook:Vacation                            5 VACHR 
  Income:US:BayBook:Vacation                           -5 VACHR 

2017-11-09 * "BayBook" "Payroll"
  Assets:US:BofA:Checking                         2550.60 USD   
  Income:US:BayBook:Salary                       -4615.38 USD   
  Income:US:BayBook:GroupTermLife                  -24.32 USD   
  Expenses:Health:Life:GroupTermLife                24.32 USD   
  Expenses:Health:Dental:Insurance                   2.90 USD   
  Expenses:Health:Medical:Insurance                 27.38 USD   
  Expenses:Health:Vision:Insurance                  42.30 USD   
  Expenses:Taxes:Y2017:US:Medicare                 106.62 USD   
  Expenses:Taxes:Y2017:US:Federal                 1062.92 USD   
  Expenses:Taxes:Y2017:US:State                    365.08 USD   
  Expenses:Taxes:Y2017:US:CityNYC                  174.92 USD   
  Expenses:Taxes:Y2017:US:SDI                        1.12 USD   
  Expenses:Taxes:Y2017:US:SocSec                   281.54 USD   
  Assets:US:Federal:PreTax401k                       0.00 IRAUSD
  Assets:US:BayBook:Vacation                            5 VACHR 
  Income:US:BayBook:Vacation                           -5 VACHR 

2017-11-23 * "BayBook" "Payroll"
  Assets:US:BofA:Checking                         2550.60 USD   
  Income:US:BayBook:Salary                       -4615.38 USD   
  Income:US:BayBook:GroupTermLife                  -24.32 USD   
  Expenses:Health:Life:GroupTermLife                24.32 USD   
  Expenses:Health:Dental:Insurance                   2.90 USD   
  Expenses:Health:Medical:Insurance                 27.38 USD   
  Expenses:Health:Vision:Insurance                  42.30 USD   
  Expenses:Taxes:Y2017:US:Medicare                 106.62 USD   
  Expenses:Taxes:Y2017:US:Federal                 1062.92 USD   
  Expenses:Taxes:Y2017:US:State                    365.08 USD   
  Expenses:Taxes:Y2017:US:CityNYC                  174.92 USD   
  Expenses:Taxes:Y2017:US:SDI                        1.12 USD   
  Expenses:Taxes:Y2017:US:SocSec                   281.54 USD   
  Assets:US:Federal:PreTax401k                       0.00 IRAUSD
  Assets:US:BayBook:Vacation                            5 VACHR 
  Income:US:BayBook:Vacation                           -5 VACHR 

2017-12-07 * "BayBook" "Payroll"
  Assets:US:BofA:Checking                         2589.06 USD   
  Income:US:BayBook:Salary                       -4615.38 USD   
  Income:US:BayBook:GroupTermLife                  -24.32 USD   
  Expenses:Health:Life:GroupTermLife                24.32 USD   
  Expenses:Health:Dental:Insurance                   2.90 USD   
  Expenses:Health:Medical:Insurance                 27.38 USD   
  Expenses:Health:Vision:Insurance                  42.30 USD   
  Expenses:Taxes:Y2017:US:Medicare                 106.62 USD   
  Expenses:Taxes:Y2017:US:Federal                 1062.92 USD   
  Expenses:Taxes:Y2017:US:State                    365.08 USD   
  Expenses:Taxes:Y2017:US:CityNYC                  174.92 USD   
  Expenses:Taxes:Y2017:US:SDI                        1.12 USD   
  Expenses:Taxes:Y2017:US:SocSec                   243.08 USD   
  Assets:US:Federal:PreTax401k                       0.00 IRAUSD
  Assets:US:BayBook:Vacation                            5 VACHR 
  Income:US:BayBook:Vacation                           -5 VACHR 

2017-12-21 * "BayBook" "Payroll"
  Assets:US:BofA:Checking                         2832.14 USD   
  Income:US:BayBook:Salary                       -4615.38 USD   
  Income:US:BayBook:GroupTermLife                  -24.32 USD   
  Expenses:Health:Life:GroupTermLife                24.32 USD   
  Expenses:Health:Dental:Insurance                   2.90 USD   
  Expenses:Health:Medical:Insurance                 27.38 USD   
  Expenses:Health:Vision:Insurance                  42.30 USD   
  Expenses:Taxes:Y2017:US:Medicare                 106.62 USD   
  Expenses:Taxes:Y2017:US:Federal                 1062.92 USD   
  Expenses:Taxes:Y2017:US:State                    365.08 USD   
  Expenses:Taxes:Y2017:US:CityNYC                  174.92 USD   
  Expenses:Taxes:Y2017:US:SDI                        1.12 USD   
  Expenses:Taxes:Y2017:US:SocSec                     0.00 USD   
  Assets:US:Federal:PreTax401k                       0.00 IRAUSD
  Assets:US:BayBook:Vacation                            5 VACHR 
  Income:US:BayBook:Vacation                           -5 VACHR 

2018-01-04 * "BayBook" "Payroll"
  Assets:US:BofA:Checking                         1350.60 USD   
  Assets:US:Vanguard:Cash                         1200.00 USD   
  Income:US:BayBook:Salary                       -4615.38 USD   
  Income:US:BayBook:GroupTermLife                  -24.32 USD   
  Expenses:Health:Life:GroupTermLife                24.32 USD   
  Expenses:Health:Dental:Insurance                   2.90 USD   
  Expenses:Health:Medical:Insurance                 27.38 USD   
  Expenses:Health:Vision:Insurance                  42.30 USD   
  Expenses:Taxes:Y2018:US:Medicare                 106.62 USD   
  Expenses:Taxes:Y2018:US:Federal                 1062.92 USD   
  Expenses:Taxes:Y2018:US:State                    365.08 USD   
  Expenses:Taxes:Y2018:US:CityNYC                  174.92 USD   
  Expenses:Taxes:Y2018:US:SDI                        1.12 USD   
  Expenses:Taxes:Y2018:US:SocSec                   281.54 USD   
  Assets:US:Federal:PreTax401k                   -1200.00 IRAUSD
  Expenses:Taxes:Y2018:US:Federal:PreTax401k      1200.00 IRAUSD
  Assets:US:BayBook:Vacation                            5 VACHR 
  Income:US:BayBook:Vacation                           -5 VACHR 

2018-01-18 * "BayBook" "Payroll"
  Assets:US:BofA:Checking                         1350.60 USD   
  Assets:US:Vanguard:Cash                         1200.00 USD   
  Income:US:BayBook:Salary                       -4615.38 USD   
  Income:US:BayBook:GroupTermLife                  -24.32 USD   
  Expenses:Health:Life:GroupTermLife                24.32 USD   
  Expenses:Health:Dental:Insurance                   2.90 USD   
  Expenses:Health:Medical:Insurance                 27.38 USD   
  Expenses:Health:Vision:Insurance                  42.30 USD   
  Expenses:Taxes:Y2018:US:Medicare                 106.62 USD   
  Expenses:Taxes:Y2018:US:Federal                 1062.92 USD   
  Expenses:Taxes:Y2018:US:State                    365.08 USD   
  Expenses:Taxes:Y2018:US:CityNYC                  174.92 USD   
  Expenses:Taxes:Y2018:US:SDI                        1.12 USD   
  Expenses:Taxes:Y2018:US:SocSec                   281.54 USD   
  Assets:US:Federal:PreTax401k                   -1200.00 IRAUSD
  Expenses:Taxes:Y2018:US:Federal:PreTax401k      1200.00 IRAUSD
  Assets:US:BayBook:Vacation                            5 VACHR 
  Income:US:BayBook:Vacation                           -5 VACHR 

2018-02-01 * "BayBook" "Payroll"
  Assets:US:BofA:Checking                         1350.60 USD   
  Assets:US:Vanguard:Cash                         1200.00 USD   
  Income:US:BayBook:Salary                       -4615.38 USD   
  Income:US:BayBook:GroupTermLife                  -24.32 USD   
  Expenses:Health:Life:GroupTermLife                24.32 USD   
  Expenses:Health:Dental:Insurance                   2.90 USD   
  Expenses:Health:Medical:Insurance                 27.38 USD   
  Expenses:Health:Vision:Insurance                  42.30 USD   
  Expenses:Taxes:Y2018:US:Medicare                 106.62 USD   
  Expenses:Taxes:Y2018:US:Federal                 1062.92 USD   
  Expenses:Taxes:Y2018:US:State                    365.08 USD   
  Expenses:Taxes:Y2018:US:CityNYC                  174.92 USD   
  Expenses:Taxes:Y2018:US:SDI                        1.12 USD   
  Expenses:Taxes:Y2018:US:SocSec                   281.54 USD   
  Assets:US:Federal:PreTax401k                   -1200.00 IRAUSD
  Expenses:Taxes:Y2018:US:Federal:PreTax401k      1200.00 IRAUSD
  Assets:US:BayBook:Vacation                            5 VACHR 
  Income:US:BayBook:Vacation                           -5 VACHR 

2018-02-15 * "BayBook" "Payroll"
  Assets:US:BofA:Checking                         1350.60 USD   
  Assets:US:Vanguard:Cash                         1200.00 USD   
  Income:US:BayBook:Salary                       -4615.38 USD   
  Income:US:BayBook:GroupTermLife                  -24.32 USD   
  Expenses:Health:Life:GroupTermLife                24.32 USD   
  Expenses:Health:Dental:Insurance                   2.90 USD   
  Expenses:Health:Medical:Insurance                 27.38 USD   
  Expenses:Health:Vision:Insurance                  42.30 USD   
  Expenses:Taxes:Y2018:US:Medicare                 106.62 USD   
  Expenses:Taxes:Y2018:US:Federal                 1062.92 USD   
  Expenses:Taxes:Y2018:US:State                    365.08 USD   
  Expenses:Taxes:Y2018:US:CityNYC                  174.92 USD   
  Expenses:Taxes:Y2018:US:SDI                        1.12 USD   
  Expenses:Taxes:Y2018:US:SocSec                   281.54 USD   
  Assets:US:Federal:PreTax401k                   -1200.00 IRAUSD
  Expenses:Taxes:Y2018:US:Federal:PreTax401k      1200.00 IRAUSD
  Assets:US:BayBook:Vacation                            5 VACHR 
  Income:US:BayBook:Vacation                           -5 VACHR 



* Taxes

1980-05-12 open Income:US:Federal:PreTax401k                    IRAUSD
1980-05-12 open Assets:US:Federal:PreTax401k                    IRAUSD



** Tax Year 2016

2016-01-01 open Expenses:Taxes:Y2016:US:Federal:PreTax401k      IRAUSD
2016-01-01 open Expenses:Taxes:Y2016:US:Medicare                USD
2016-01-01 open Expenses:Taxes:Y2016:US:Federal                 USD
2016-01-01 open Expenses:Taxes:Y2016:US:CityNYC                 USD
2016-01-01 open Expenses:Taxes:Y2016:US:SDI                     USD
2016-01-01 open Expenses:Taxes:Y2016:US:State                   USD
2016-01-01 open Expenses:Taxes:Y2016:US:SocSec                  USD

2016-01-01 balance Assets:US:Federal:PreTax401k         0 IRAUSD

2016-01-01 * "Allowed contributions for one year"
  Income:US:Federal:PreTax401k                     -18000 IRAUSD
  Assets:US:Federal:PreTax401k                      18000 IRAUSD

2017-03-25 * "Filing taxes for 2016"
  Expenses:Taxes:Y2016:US:Federal                  489.41 USD
  Expenses:Taxes:Y2016:US:State                    230.63 USD
  Liabilities:AccountsPayable                     -720.04 USD

2017-03-26 * "STATE TAX & FINANC PYMT"
  Assets:US:BofA:Checking                         -230.63 USD
  Liabilities:AccountsPayable                      230.63 USD

2017-03-29 * "FEDERAL TAXPYMT"
  Assets:US:BofA:Checking                         -489.41 USD
  Liabilities:AccountsPayable                      489.41 USD



** Tax Year 2017

2017-01-01 open Expenses:Taxes:Y2017:US:Federal:PreTax401k      IRAUSD
2017-01-01 open Expenses:Taxes:Y2017:US:Medicare                USD
2017-01-01 open Expenses:Taxes:Y2017:US:Federal                 USD
2017-01-01 open Expenses:Taxes:Y2017:US:CityNYC                 USD
2017-01-01 open Expenses:Taxes:Y2017:US:SDI                     USD
2017-01-01 open Expenses:Taxes:Y2017:US:State                   USD
2017-01-01 open Expenses:Taxes:Y2017:US:SocSec                  USD

2017-01-01 balance Assets:US:Federal:PreTax401k         0 IRAUSD

2017-01-01 * "Allowed contributions for one year"
  Income:US:Federal:PreTax401k                     -18500 IRAUSD
  Assets:US:Federal:PreTax401k                      18500 IRAUSD



** Tax Year 2018

2018-01-01 open Expenses:Taxes:Y2018:US:Federal:PreTax401k      IRAUSD
2018-01-01 open Expenses:Taxes:Y2018:US:Medicare                USD
2018-01-01 open Expenses:Taxes:Y2018:US:Federal                 USD
2018-01-01 open Expenses:Taxes:Y2018:US:CityNYC                 USD
2018-01-01 open Expenses:Taxes:Y2018:US:SDI                     USD
2018-01-01 open Expenses:Taxes:Y2018:US:State                   USD
2018-01-01 open Expenses:Taxes:Y2018:US:SocSec                  USD

2018-01-01 balance Assets:US:Federal:PreTax401k         0 IRAUSD

2018-01-01 * "Allowed contributions for one year"
  Income:US:Federal:PreTax401k                     -18500 IRAUSD
  Assets:US:Federal:PreTax401k                      18500 IRAUSD



* Expenses

1980-05-12 open Expenses:Food:Groceries
1980-05-12 open Expenses:Food:Restaurant
1980-05-12 open Expenses:Food:Coffee
1980-05-12 open Expenses:Food:Alcohol
1980-05-12 open Expenses:Transport:Tram
1980-05-12 open Expenses:Home:Rent
1980-05-12 open Expenses:Home:Electricity
1980-05-12 open Expenses:Home:Internet
1980-05-12 open Expenses:Home:Phone
1980-05-12 open Expenses:Financial:Fees
1980-05-12 open Expenses:Financial:Commissions



* Prices

2016-01-01 price VBMPX                              96.99 USD
2016-01-01 price RGAGX                              30.16 USD
2016-01-01 price ITOT                              101.35 USD
2016-01-01 price VEA                               165.73 USD
2016-01-01 price VHT                               164.88 USD
2016-01-01 price GLD                                91.03 USD
2016-01-08 price VBMPX                              97.81 USD
2016-01-08 price RGAGX                              29.56 USD
2016-01-08 price ITOT                              100.97 USD
2016-01-08 price VEA                               168.88 USD
2016-01-08 price VHT                               165.19 USD
2016-01-08 price GLD                                90.31 USD
2016-01-15 price VBMPX                              97.78 USD
2016-01-15 price RGAGX                              30.11 USD
2016-01-15 price ITOT                              101.15 USD
2016-01-15 price VEA                               170.28 USD
2016-01-15 price VHT                               166.17 USD
2016-01-15 price GLD                                89.98 USD
2016-01-22 price VBMPX                              97.11 USD
2016-01-22 price RGAGX                              29.35 USD
2016-01-22 price ITOT                              101.16 USD
2016-01-22 price VEA                               169.42 USD
2016-01-22 price VHT                               167.24 USD
2016-01-22 price GLD                                89.28 USD
2016-01-29 price VBMPX                              98.90 USD
2016-01-29 price RGAGX                              29.41 USD
2016-01-29 price ITOT                              101.49 USD
2016-01-29 price VEA                               172.41 USD
2016-01-29 price VHT                               167.55 USD
2016-01-29 price GLD                                88.84 USD
2016-02-05 price VBMPX                              98.55 USD
2016-02-05 price RGAGX                              29.96 USD
2016-02-05 price ITOT                              101.86 USD
2016-02-05 price VEA                               172.26 USD
2016-02-05 price VHT                               167.31 USD
2016-02-05 price GLD                                88.66 USD
2016-02-12 price VBMPX                              98.08 USD
2016-02-12 price RGAGX                              29.86 USD
2016-02-12 price ITOT                              102.46 USD
2016-02-12 price VEA                               174.12 USD
2016-02-12 price VHT                               168.31 USD
2016-02-12 price GLD                                89.36 USD
2016-02-19 price VBMPX                             100.74 USD
2016-02-19 price RGAGX                              30.88 USD
2016-02-19 price ITOT                              102.11 USD
2016-02-19 price VEA                               174.37 USD
2016-02-19 price VHT                               167.32 USD
2016-02-19 price GLD                                90.60 USD
2016-02-26 price VBMPX                             100.88 USD
2016-02-26 price RGAGX                              31.39 USD
2016-02-26 price ITOT                              102.36 USD
2016-02-26 price VEA                               176.08 USD
2016-02-26 price VHT                               168.39 USD
2016-02-26 price GLD                                91.81 USD
2016-03-04 price VBMPX                             100.84 USD
2016-03-04 price RGAGX                              31.71 USD
2016-03-04 price ITOT                              102.97 USD
2016-03-04 price VEA                               175.88 USD
2016-03-04 price VHT                               168.11 USD
2016-03-04 price GLD                                91.33 USD
2016-03-11 price VBMPX                             100.71 USD
2016-03-11 price RGAGX                              31.80 USD
2016-03-11 price ITOT                              103.60 USD
2016-03-11 price VEA                               175.22 USD
2016-03-11 price VHT                               168.64 USD
2016-03-11 price GLD                                90.72 USD
2016-03-18 price VBMPX                             101.08 USD
2016-03-18 price RGAGX                              30.73 USD
2016-03-18 price ITOT                              102.74 USD
2016-03-18 price VEA                               174.12 USD
2016-03-18 price VHT                               167.94 USD
2016-03-18 price GLD                                91.00 USD
2016-03-25 price VBMPX                              99.06 USD
2016-03-25 price RGAGX                              31.51 USD
2016-03-25 price ITOT                              102.83 USD
2016-03-25 price VEA                               174.52 USD
2016-03-25 price VHT                               169.90 USD
2016-03-25 price GLD                                90.54 USD
2016-04-01 price VBMPX                             100.22 USD
2016-04-01 price RGAGX                              31.36 USD
2016-04-01 price ITOT                              103.58 USD
2016-04-01 price VEA                               170.79 USD
2016-04-01 price VHT                               169.88 USD
2016-04-01 price GLD                                90.48 USD
2016-04-08 price VBMPX                             100.20 USD
2016-04-08 price RGAGX                              30.72 USD
2016-04-08 price ITOT                              103.90 USD
2016-04-08 price VEA                               168.24 USD
2016-04-08 price VHT                               169.17 USD
2016-04-08 price GLD                                91.00 USD
2016-04-15 price VBMPX                              99.84 USD
2016-04-15 price RGAGX                              30.30 USD
2016-04-15 price ITOT                              103.06 USD
2016-04-15 price VEA                               167.55 USD
2016-04-15 price VHT                               169.53 USD
2016-04-15 price GLD                                91.68 USD
2016-04-22 price VBMPX                             101.11 USD
2016-04-22 price RGAGX                              31.24 USD
2016-04-22 price ITOT                              105.12 USD
2016-04-22 price VEA                               171.12 USD
2016-04-22 price VHT                               169.09 USD
2016-04-22 price GLD                                91.10 USD
2016-04-29 price VBMPX                             101.84 USD
2016-04-29 price RGAGX                              31.66 USD
2016-04-29 price ITOT                              105.64 USD
2016-04-29 price VEA                               175.29 USD
2016-04-29 price VHT                               168.02 USD
2016-04-29 price GLD                                91.34 USD
2016-05-06 price VBMPX                             101.59 USD
2016-05-06 price RGAGX                              32.46 USD
2016-05-06 price ITOT                              103.95 USD
2016-05-06 price VEA                               176.02 USD
2016-05-06 price VHT                               169.50 USD
2016-05-06 price GLD                                91.35 USD
2016-05-13 price VBMPX                             101.99 USD
2016-05-13 price RGAGX                              32.23 USD
2016-05-13 price ITOT                              103.99 USD
2016-05-13 price VEA                               173.71 USD
2016-05-13 price VHT                               168.76 USD
2016-05-13 price GLD                                91.98 USD
2016-05-20 price VBMPX                             100.93 USD
2016-05-20 price RGAGX                              32.10 USD
2016-05-20 price ITOT                              103.89 USD
2016-05-20 price VEA                               175.09 USD
2016-05-20 price VHT                               168.83 USD
2016-05-20 price GLD                                91.84 USD
2016-05-27 price VBMPX                             101.33 USD
2016-05-27 price RGAGX                              32.85 USD
2016-05-27 price ITOT                              103.75 USD
2016-05-27 price VEA                               173.97 USD
2016-05-27 price VHT                               168.36 USD
2016-05-27 price GLD                                92.71 USD
2016-06-03 price VBMPX                             100.60 USD
2016-06-03 price RGAGX                              33.34 USD
2016-06-03 price ITOT                              103.50 USD
2016-06-03 price VEA                               174.20 USD
2016-06-03 price VHT                               169.37 USD
2016-06-03 price GLD                                93.06 USD
2016-06-10 price VBMPX                              99.64 USD
2016-06-10 price RGAGX                              32.71 USD
2016-06-10 price ITOT                              104.58 USD
2016-06-10 price VEA                               176.23 USD
2016-06-10 price VHT                               170.04 USD
2016-06-10 price GLD                                93.22 USD
2016-06-17 price VBMPX                              98.82 USD
2016-06-17 price RGAGX                              32.93 USD
2016-06-17 price ITOT                              104.64 USD
2016-06-17 price VEA                               172.69 USD
2016-06-17 price VHT                               170.16 USD
2016-06-17 price GLD                                93.26 USD
2016-06-24 price VBMPX                              99.14 USD
2016-06-24 price RGAGX                              31.65 USD
2016-06-24 price ITOT                              105.59 USD
2016-06-24 price VEA                               172.85 USD
2016-06-24 price VHT                               169.42 USD
2016-06-24 price GLD                                93.75 USD
2016-07-01 price VBMPX                              99.65 USD
2016-07-01 price RGAGX                              32.41 USD
2016-07-01 price ITOT                              105.46 USD
2016-07-01 price VEA                               171.41 USD
2016-07-01 price VHT                               169.09 USD
2016-07-01 price GLD                                93.51 USD
2016-07-08 price VBMPX                             101.30 USD
2016-07-08 price RGAGX                              32.91 USD
2016-07-08 price ITOT                              106.00 USD
2016-07-08 price VEA                               171.68 USD
2016-07-08 price VHT                               169.00 USD
2016-07-08 price GLD                                93.54 USD
2016-07-15 price VBMPX                             102.04 USD
2016-07-15 price RGAGX                              32.74 USD
2016-07-15 price ITOT                              105.84 USD
2016-07-15 price VEA                               174.94 USD
2016-07-15 price VHT                               169.46 USD
2016-07-15 price GLD                                93.07 USD
2016-07-22 price VBMPX                             101.40 USD
2016-07-22 price RGAGX                              33.09 USD
2016-07-22 price ITOT                              105.76 USD
2016-07-22 price VEA                               176.07 USD
2016-07-22 price VHT                               169.62 USD
2016-07-22 price GLD                                93.46 USD
2016-07-29 price VBMPX                             102.64 USD
2016-07-29 price RGAGX                              32.72 USD
2016-07-29 price ITOT                              105.86 USD
2016-07-29 price VEA                               179.21 USD
2016-07-29 price VHT                               169.29 USD
2016-07-29 price GLD                                94.39 USD
2016-08-05 price VBMPX                             101.87 USD
2016-08-05 price RGAGX                              32.29 USD
2016-08-05 price ITOT                              105.18 USD
2016-08-05 price VEA                               175.28 USD
2016-08-05 price VHT                               169.59 USD
2016-08-05 price GLD                                94.49 USD
2016-08-12 price VBMPX                             101.32 USD
2016-08-12 price RGAGX                              33.34 USD
2016-08-12 price ITOT                              105.09 USD
2016-08-12 price VEA                               176.44 USD
2016-08-12 price VHT                               170.03 USD
2016-08-12 price GLD                                94.88 USD
2016-08-19 price VBMPX                             101.73 USD
2016-08-19 price RGAGX                              33.98 USD
2016-08-19 price ITOT                              105.21 USD
2016-08-19 price VEA                               178.36 USD
2016-08-19 price VHT                               169.28 USD
2016-08-19 price GLD                                94.34 USD
2016-08-26 price VBMPX                             102.62 USD
2016-08-26 price RGAGX                              35.07 USD
2016-08-26 price ITOT                              106.67 USD
2016-08-26 price VEA                               177.78 USD
2016-08-26 price VHT                               168.85 USD
2016-08-26 price GLD                                95.45 USD
2016-09-02 price VBMPX                             102.01 USD
2016-09-02 price RGAGX                              34.56 USD
2016-09-02 price ITOT                              106.18 USD
2016-09-02 price VEA                               181.13 USD
2016-09-02 price VHT                               167.52 USD
2016-09-02 price GLD                                96.29 USD
2016-09-09 price VBMPX                             103.13 USD
2016-09-09 price RGAGX                              33.97 USD
2016-09-09 price ITOT                              105.37 USD
2016-09-09 price VEA                               178.38 USD
2016-09-09 price VHT                               168.80 USD
2016-09-09 price GLD                                96.50 USD
2016-09-16 price VBMPX                             103.79 USD
2016-09-16 price RGAGX                              33.10 USD
2016-09-16 price ITOT                              106.38 USD
2016-09-16 price VEA                               179.18 USD
2016-09-16 price VHT                               169.83 USD
2016-09-16 price GLD                                96.31 USD
2016-09-23 price VBMPX                             103.50 USD
2016-09-23 price RGAGX                              33.12 USD
2016-09-23 price ITOT                              107.75 USD
2016-09-23 price VEA                               176.89 USD
2016-09-23 price VHT                               169.86 USD
2016-09-23 price GLD                                95.85 USD
2016-09-30 price VBMPX                             102.61 USD
2016-09-30 price RGAGX                              32.83 USD
2016-09-30 price ITOT                              110.06 USD
2016-09-30 price VEA                               180.44 USD
2016-09-30 price VHT                               170.69 USD
2016-09-30 price GLD                                96.49 USD
2016-10-07 price VBMPX                             103.14 USD
2016-10-07 price RGAGX                              32.79 USD
2016-10-07 price ITOT                              109.80 USD
2016-10-07 price VEA                               180.46 USD
2016-10-07 price VHT                               171.58 USD
2016-10-07 price GLD                                96.71 USD
2016-10-14 price VBMPX                             100.64 USD
2016-10-14 price RGAGX                              32.48 USD
2016-10-14 price ITOT                              109.93 USD
2016-10-14 price VEA                               180.74 USD
2016-10-14 price VHT                               171.42 USD
2016-10-14 price GLD                                96.77 USD
2016-10-21 price VBMPX                             101.30 USD
2016-10-21 price RGAGX                              32.93 USD
2016-10-21 price ITOT                              109.99 USD
2016-10-21 price VEA                               177.63 USD
2016-10-21 price VHT                               171.62 USD
2016-10-21 price GLD                                97.06 USD
2016-10-28 price VBMPX                             101.81 USD
2016-10-28 price RGAGX                              32.40 USD
2016-10-28 price ITOT                              110.20 USD
2016-10-28 price VEA                               177.55 USD
2016-10-28 price VHT                               171.93 USD
2016-10-28 price GLD                                96.39 USD
2016-11-04 price VBMPX                             100.13 USD
2016-11-04 price RGAGX                              32.32 USD
2016-11-04 price ITOT                              110.41 USD
2016-11-04 price VEA                               177.98 USD
2016-11-04 price VHT                               172.20 USD
2016-11-04 price GLD                                96.47 USD
2016-11-11 price VBMPX                              99.97 USD
2016-11-11 price RGAGX                              32.44 USD
2016-11-11 price ITOT                              110.39 USD
2016-11-11 price VEA                               179.75 USD
2016-11-11 price VHT                               174.18 USD
2016-11-11 price GLD                                96.88 USD
2016-11-18 price VBMPX                              98.59 USD
2016-11-18 price RGAGX                              32.72 USD
2016-11-18 price ITOT                              110.73 USD
2016-11-18 price VEA                               181.08 USD
2016-11-18 price VHT                               173.20 USD
2016-11-18 price GLD                                98.61 USD
2016-11-25 price VBMPX                              98.05 USD
2016-11-25 price RGAGX                              32.87 USD
2016-11-25 price ITOT                              110.85 USD
2016-11-25 price VEA                               182.62 USD
2016-11-25 price VHT                               172.34 USD
2016-11-25 price GLD                                99.62 USD
2016-12-02 price VBMPX                              99.11 USD
2016-12-02 price RGAGX                              34.47 USD
2016-12-02 price ITOT                              110.76 USD
2016-12-02 price VEA                               182.33 USD
2016-12-02 price VHT                               172.10 USD
2016-12-02 price GLD                                99.96 USD
2016-12-09 price VBMPX                             100.36 USD
2016-12-09 price RGAGX                              33.66 USD
2016-12-09 price ITOT                              110.77 USD
2016-12-09 price VEA                               185.31 USD
2016-12-09 price VHT                               171.29 USD
2016-12-09 price GLD                                99.61 USD
2016-12-16 price VBMPX                             101.85 USD
2016-12-16 price RGAGX                              33.83 USD
2016-12-16 price ITOT                              110.60 USD
2016-12-16 price VEA                               186.95 USD
2016-12-16 price VHT                               172.72 USD
2016-12-16 price GLD                               100.26 USD
2016-12-23 price VBMPX                             102.46 USD
2016-12-23 price RGAGX                              33.70 USD
2016-12-23 price ITOT                              110.70 USD
2016-12-23 price VEA                               187.29 USD
2016-12-23 price VHT                               173.03 USD
2016-12-23 price GLD                               100.33 USD
2016-12-30 price VBMPX                             100.51 USD
2016-12-30 price RGAGX                              34.29 USD
2016-12-30 price ITOT                              111.21 USD
2016-12-30 price VEA                               186.07 USD
2016-12-30 price VHT                               172.29 USD
2016-12-30 price GLD                               100.35 USD
2017-01-06 price VBMPX                             101.24 USD
2017-01-06 price RGAGX                              34.07 USD
2017-01-06 price ITOT                              112.41 USD
2017-01-06 price VEA                               184.15 USD
2017-01-06 price VHT                               172.05 USD
2017-01-06 price GLD                               100.54 USD
2017-01-13 price VBMPX                             102.62 USD
2017-01-13 price RGAGX                              34.33 USD
2017-01-13 price ITOT                              114.18 USD
2017-01-13 price VEA                               184.28 USD
2017-01-13 price VHT                               172.89 USD
2017-01-13 price GLD                               101.70 USD
2017-01-20 price VBMPX                             102.46 USD
2017-01-20 price RGAGX                              34.82 USD
2017-01-20 price ITOT                              114.05 USD
2017-01-20 price VEA                               188.06 USD
2017-01-20 price VHT                               173.05 USD
2017-01-20 price GLD                               101.66 USD
2017-01-27 price VBMPX                             100.69 USD
2017-01-27 price RGAGX                              34.42 USD
2017-01-27 price ITOT                              114.65 USD
2017-01-27 price VEA                               185.51 USD
2017-01-27 price VHT                               173.39 USD
2017-01-27 price GLD                               100.34 USD
2017-02-03 price VBMPX                              98.66 USD
2017-02-03 price RGAGX                              33.78 USD
2017-02-03 price ITOT                              113.29 USD
2017-02-03 price VEA                               186.20 USD
2017-02-03 price VHT                               173.48 USD
2017-02-03 price GLD                               100.34 USD
2017-02-10 price VBMPX                              99.64 USD
2017-02-10 price RGAGX                              34.18 USD
2017-02-10 price ITOT                              114.08 USD
2017-02-10 price VEA                               187.65 USD
2017-02-10 price VHT                               175.70 USD
2017-02-10 price GLD                               101.29 USD
2017-02-17 price VBMPX                              98.63 USD
2017-02-17 price RGAGX                              34.00 USD
2017-02-17 price ITOT                              114.80 USD
2017-02-17 price VEA                               187.34 USD
2017-02-17 price VHT                               175.99 USD
2017-02-17 price GLD                               100.79 USD
2017-02-24 price VBMPX                              97.75 USD
2017-02-24 price RGAGX                              34.26 USD
2017-02-24 price ITOT                              115.02 USD
2017-02-24 price VEA                               187.09 USD
2017-02-24 price VHT                               175.29 USD
2017-02-24 price GLD                               100.44 USD
2017-03-03 price VBMPX                              96.71 USD
2017-03-03 price RGAGX                              34.27 USD
2017-03-03 price ITOT                              115.59 USD
2017-03-03 price VEA                               187.92 USD
2017-03-03 price VHT                               175.38 USD
2017-03-03 price GLD                               100.56 USD
2017-03-10 price VBMPX                              97.60 USD
2017-03-10 price RGAGX                              33.80 USD
2017-03-10 price ITOT                              115.46 USD
2017-03-10 price VEA                               187.85 USD
2017-03-10 price VHT                               175.45 USD
2017-03-10 price GLD                               101.31 USD
2017-03-17 price VBMPX                              96.44 USD
2017-03-17 price RGAGX                              33.57 USD
2017-03-17 price ITOT                              115.02 USD
2017-03-17 price VEA                               184.68 USD
2017-03-17 price VHT                               175.92 USD
2017-03-17 price GLD                               100.56 USD
2017-03-24 price VBMPX                              97.28 USD
2017-03-24 price RGAGX                              33.53 USD
2017-03-24 price ITOT                              115.34 USD
2017-03-24 price VEA                               182.57 USD
2017-03-24 price VHT                               175.03 USD
2017-03-24 price GLD                                99.96 USD
2017-03-31 price VBMPX                              98.01 USD
2017-03-31 price RGAGX                              33.61 USD
2017-03-31 price ITOT                              115.02 USD
2017-03-31 price VEA                               183.34 USD
2017-03-31 price VHT                               175.03 USD
2017-03-31 price GLD                                99.09 USD
2017-04-07 price VBMPX                              96.13 USD
2017-04-07 price RGAGX                              33.66 USD
2017-04-07 price ITOT                              115.35 USD
2017-04-07 price VEA                               183.53 USD
2017-04-07 price VHT                               174.81 USD
2017-04-07 price GLD                                98.56 USD
2017-04-14 price VBMPX                              96.07 USD
2017-04-14 price RGAGX                              33.34 USD
2017-04-14 price ITOT                              115.86 USD
2017-04-14 price VEA                               178.09 USD
2017-04-14 price VHT                               174.45 USD
2017-04-14 price GLD                                97.31 USD
2017-04-21 price VBMPX                              96.17 USD
2017-04-21 price RGAGX                              32.81 USD
2017-04-21 price ITOT                              115.49 USD
2017-04-21 price VEA                               180.30 USD
2017-04-21 price VHT                               174.51 USD
2017-04-21 price GLD                                97.48 USD
2017-04-28 price VBMPX                              94.21 USD
2017-04-28 price RGAGX                              32.28 USD
2017-04-28 price ITOT                              115.69 USD
2017-04-28 price VEA                               180.11 USD
2017-04-28 price VHT                               174.78 USD
2017-04-28 price GLD                                99.03 USD
2017-05-05 price VBMPX                              93.75 USD
2017-05-05 price RGAGX                              32.48 USD
2017-05-05 price ITOT                              116.41 USD
2017-05-05 price VEA                               183.36 USD
2017-05-05 price VHT                               174.22 USD
2017-05-05 price GLD                                98.26 USD
2017-05-12 price VBMPX                              92.80 USD
2017-05-12 price RGAGX                              33.13 USD
2017-05-12 price ITOT                              116.46 USD
2017-05-12 price VEA                               186.61 USD
2017-05-12 price VHT                               174.74 USD
2017-05-12 price GLD                                99.71 USD
2017-05-19 price VBMPX                              93.69 USD
2017-05-19 price RGAGX                              33.04 USD
2017-05-19 price ITOT                              118.45 USD
2017-05-19 price VEA                               185.28 USD
2017-05-19 price VHT                               174.05 USD
2017-05-19 price GLD                               100.28 USD
2017-05-26 price VBMPX                              94.47 USD
2017-05-26 price RGAGX                              32.82 USD
2017-05-26 price ITOT                              118.11 USD
2017-05-26 price VEA                               184.75 USD
2017-05-26 price VHT                               175.95 USD
2017-05-26 price GLD                                99.80 USD
2017-06-02 price VBMPX                              95.03 USD
2017-06-02 price RGAGX                              32.33 USD
2017-06-02 price ITOT                              118.65 USD
2017-06-02 price VEA                               186.45 USD
2017-06-02 price VHT                               176.84 USD
2017-06-02 price GLD                               100.46 USD
2017-06-09 price VBMPX                              95.13 USD
2017-06-09 price RGAGX                              32.18 USD
2017-06-09 price ITOT                              118.11 USD
2017-06-09 price VEA                               184.09 USD
2017-06-09 price VHT                               177.67 USD
2017-06-09 price GLD                               100.11 USD
2017-06-16 price VBMPX                              96.54 USD
2017-06-16 price RGAGX                              32.04 USD
2017-06-16 price ITOT                              117.53 USD
2017-06-16 price VEA                               185.87 USD
2017-06-16 price VHT                               178.16 USD
2017-06-16 price GLD                               100.05 USD
2017-06-23 price VBMPX                              95.40 USD
2017-06-23 price RGAGX                              31.43 USD
2017-06-23 price ITOT                              118.77 USD
2017-06-23 price VEA                               184.65 USD
2017-06-23 price VHT                               179.37 USD
2017-06-23 price GLD                               100.66 USD
2017-06-30 price VBMPX                              92.75 USD
2017-06-30 price RGAGX                              31.38 USD
2017-06-30 price ITOT                              118.43 USD
2017-06-30 price VEA                               184.97 USD
2017-06-30 price VHT                               180.63 USD
2017-06-30 price GLD                               100.44 USD
2017-07-07 price VBMPX                              93.62 USD
2017-07-07 price RGAGX                              31.15 USD
2017-07-07 price ITOT                              118.36 USD
2017-07-07 price VEA                               186.18 USD
2017-07-07 price VHT                               179.36 USD
2017-07-07 price GLD                                99.12 USD
2017-07-14 price VBMPX                              94.49 USD
2017-07-14 price RGAGX                              30.61 USD
2017-07-14 price ITOT                              118.95 USD
2017-07-14 price VEA                               192.01 USD
2017-07-14 price VHT                               180.51 USD
2017-07-14 price GLD                                98.27 USD
2017-07-21 price VBMPX                              94.40 USD
2017-07-21 price RGAGX                              29.40 USD
2017-07-21 price ITOT                              118.87 USD
2017-07-21 price VEA                               193.10 USD
2017-07-21 price VHT                               181.32 USD
2017-07-21 price GLD                                97.88 USD
2017-07-28 price VBMPX                              95.78 USD
2017-07-28 price RGAGX                              29.38 USD
2017-07-28 price ITOT                              120.59 USD
2017-07-28 price VEA                               191.63 USD
2017-07-28 price VHT                               182.84 USD
2017-07-28 price GLD                                96.86 USD
2017-08-04 price VBMPX                              97.02 USD
2017-08-04 price RGAGX                              29.20 USD
2017-08-04 price ITOT                              120.29 USD
2017-08-04 price VEA                               190.53 USD
2017-08-04 price VHT                               182.06 USD
2017-08-04 price GLD                                97.25 USD
2017-08-11 price VBMPX                              95.08 USD
2017-08-11 price RGAGX                              30.01 USD
2017-08-11 price ITOT                              120.02 USD
2017-08-11 price VEA                               190.21 USD
2017-08-11 price VHT                               181.45 USD
2017-08-11 price GLD                                96.79 USD
2017-08-18 price VBMPX                              94.42 USD
2017-08-18 price RGAGX                              29.57 USD
2017-08-18 price ITOT                              119.96 USD
2017-08-18 price VEA                               190.87 USD
2017-08-18 price VHT                               182.20 USD
2017-08-18 price GLD                                98.13 USD
2017-08-25 price VBMPX                              93.71 USD
2017-08-25 price RGAGX                              30.36 USD
2017-08-25 price ITOT                              121.04 USD
2017-08-25 price VEA                               191.94 USD
2017-08-25 price VHT                               180.97 USD
2017-08-25 price GLD                                97.72 USD
2017-09-01 price VBMPX                              92.66 USD
2017-09-01 price RGAGX                              30.71 USD
2017-09-01 price ITOT                              120.96 USD
2017-09-01 price VEA                               192.96 USD
2017-09-01 price VHT                               181.02 USD
2017-09-01 price GLD                                97.79 USD
2017-09-08 price VBMPX                              91.68 USD
2017-09-08 price RGAGX                              29.89 USD
2017-09-08 price ITOT                              119.56 USD
2017-09-08 price VEA                               189.63 USD
2017-09-08 price VHT                               179.10 USD
2017-09-08 price GLD                                98.35 USD
2017-09-15 price VBMPX                              92.78 USD
2017-09-15 price RGAGX                              29.09 USD
2017-09-15 price ITOT                              118.38 USD
2017-09-15 price VEA                               188.81 USD
2017-09-15 price VHT                               179.70 USD
2017-09-15 price GLD                                98.34 USD
2017-09-22 price VBMPX                              93.82 USD
2017-09-22 price RGAGX                              28.82 USD
2017-09-22 price ITOT                              118.93 USD
2017-09-22 price VEA                               187.08 USD
2017-09-22 price VHT                               178.40 USD
2017-09-22 price GLD                                98.51 USD
2017-09-29 price VBMPX                              95.16 USD
2017-09-29 price RGAGX                              28.66 USD
2017-09-29 price ITOT                              118.37 USD
2017-09-29 price VEA                               190.14 USD
2017-09-29 price VHT                               178.14 USD
2017-09-29 price GLD                                97.89 USD
2017-10-06 price VBMPX                              95.59 USD
2017-10-06 price RGAGX                              28.94 USD
2017-10-06 price ITOT                              117.74 USD
2017-10-06 price VEA                               192.11 USD
2017-10-06 price VHT                               177.43 USD
2017-10-06 price GLD                                96.76 USD
2017-10-13 price VBMPX                              95.43 USD
2017-10-13 price RGAGX                              29.69 USD
2017-10-13 price ITOT                              117.09 USD
2017-10-13 price VEA                               192.04 USD
2017-10-13 price VHT                               177.54 USD
2017-10-13 price GLD                                96.54 USD
2017-10-20 price VBMPX                              96.53 USD
2017-10-20 price RGAGX                              29.75 USD
2017-10-20 price ITOT                              118.24 USD
2017-10-20 price VEA                               194.87 USD
2017-10-20 price VHT                               176.59 USD
2017-10-20 price GLD                                95.56 USD
2017-10-27 price VBMPX                              97.09 USD
2017-10-27 price RGAGX                              30.57 USD
2017-10-27 price ITOT                              117.88 USD
2017-10-27 price VEA                               198.28 USD
2017-10-27 price VHT                               177.14 USD
2017-10-27 price GLD                                95.01 USD
2017-11-03 price VBMPX                              96.58 USD
2017-11-03 price RGAGX                              30.23 USD
2017-11-03 price ITOT                              116.28 USD
2017-11-03 price VEA                               200.03 USD
2017-11-03 price VHT                               176.69 USD
2017-11-03 price GLD                                94.44 USD
2017-11-10 price VBMPX                              97.58 USD
2017-11-10 price RGAGX                              30.98 USD
2017-11-10 price ITOT                              115.42 USD
2017-11-10 price VEA                               197.62 USD
2017-11-10 price VHT                               177.85 USD
2017-11-10 price GLD                                93.50 USD
2017-11-17 price VBMPX                              97.45 USD
2017-11-17 price RGAGX                              30.99 USD
2017-11-17 price ITOT                              116.77 USD
2017-11-17 price VEA                               199.00 USD
2017-11-17 price VHT                               177.31 USD
2017-11-17 price GLD                                94.02 USD
2017-11-24 price VBMPX                              97.70 USD
2017-11-24 price RGAGX                              30.47 USD
2017-11-24 price ITOT                              116.86 USD
2017-11-24 price VEA                               198.74 USD
2017-11-24 price VHT                               177.74 USD
2017-11-24 price GLD                                95.38 USD
2017-12-01 price VBMPX                              97.58 USD
2017-12-01 price RGAGX                              29.75 USD
2017-12-01 price ITOT                              117.99 USD
2017-12-01 price VEA                               195.93 USD
2017-12-01 price VHT                               178.14 USD
2017-12-01 price GLD                                95.06 USD
2017-12-08 price VBMPX                              97.43 USD
2017-12-08 price RGAGX                              29.94 USD
2017-12-08 price ITOT                              117.20 USD
2017-12-08 price VEA                               195.18 USD
2017-12-08 price VHT                               176.91 USD
2017-12-08 price GLD                                95.88 USD
2017-12-15 price VBMPX                              96.30 USD
2017-12-15 price RGAGX                              30.49 USD
2017-12-15 price ITOT                              117.06 USD
2017-12-15 price VEA                               191.50 USD
2017-12-15 price VHT                               177.66 USD
2017-12-15 price GLD                                96.65 USD
2017-12-22 price VBMPX                              96.66 USD
2017-12-22 price RGAGX                              29.10 USD
2017-12-22 price ITOT                              117.74 USD
2017-12-22 price VEA                               187.31 USD
2017-12-22 price VHT                               177.78 USD
2017-12-22 price GLD                                96.77 USD
2017-12-29 price VBMPX                              96.72 USD
2017-12-29 price RGAGX                              29.33 USD
2017-12-29 price ITOT                              119.00 USD
2017-12-29 price VEA                               186.46 USD
2017-12-29 price VHT                               178.49 USD
2017-12-29 price GLD                                96.33 USD
2018-01-05 price VBMPX                              97.58 USD
2018-01-05 price RGAGX                              29.61 USD
2018-01-05 price ITOT                              119.01 USD
2018-01-05 price VEA                               187.04 USD
2018-01-05 price VHT                               177.52 USD
2018-01-05 price GLD                                95.31 USD
2018-01-12 price VBMPX                              97.23 USD
2018-01-12 price RGAGX                              28.60 USD
2018-01-12 price ITOT                              118.44 USD
2018-01-12 price VEA                               189.76 USD
2018-01-12 price VHT                               177.16 USD
2018-01-12 price GLD                                94.67 USD
2018-01-19 price VBMPX                              96.35 USD
2018-01-19 price RGAGX                              28.48 USD
2018-01-19 price ITOT                              118.44 USD
2018-01-19 price VEA                               187.81 USD
2018-01-19 price VHT                               177.04 USD
2018-01-19 price GLD                                94.98 USD
2018-01-26 price VBMPX                              96.86 USD
2018-01-26 price RGAGX                              28.89 USD
2018-01-26 price ITOT                              118.54 USD
2018-01-26 price VEA                               190.11 USD
2018-01-26 price VHT                               176.51 USD
2018-01-26 price GLD                                94.22 USD
2018-02-02 price VBMPX                              96.30 USD
2018-02-02 price RGAGX                              28.47 USD
2018-02-02 price ITOT                              119.51 USD
2018-02-02 price VEA                               190.39 USD
2018-02-02 price VHT                               176.75 USD
2018-02-02 price GLD                                96.16 USD
2018-02-09 price VBMPX                              95.87 USD
2018-02-09 price RGAGX                              28.41 USD
2018-02-09 price ITOT                              119.30 USD
2018-02-09 price VEA                               189.09 USD
2018-02-09 price VHT                               176.38 USD
2018-02-09 price GLD                                95.45 USD
2018-02-16 price VBMPX                              94.79 USD
2018-02-16 price RGAGX                              28.38 USD
2018-02-16 price ITOT                              120.34 USD
2018-02-16 price VEA                               189.95 USD
2018-02-16 price VHT                               177.31 USD
2018-02-16 price GLD                                94.85 USD
2018-02-23 price VBMPX                              94.16 USD
2018-02-23 price RGAGX                              28.87 USD
2018-02-23 price ITOT                              120.65 USD
2018-02-23 price VEA                               191.20 USD
2018-02-23 price VHT                               178.35 USD
2018-02-23 price GLD                                94.70 USD



* Cash

